@Proceedings{     DBLP:conf/caise/2016fo,
  title         = {Proceedings of the CAiSE'16 Forum, at the 28th
                  International Conference on Advanced Information Systems
                  Engineering (CAiSE 2016), Ljubljana, Slovenia, June 13-17,
                  2016},
  year          = {2016},
  volume        = {1612},
  series        = {{CEUR} Workshop Proceedings},
  publisher     = {CEUR-WS.org},
  urn           = {urn:nbn:de:0074-1612-0}
}

@article{DBLP:journals/is/CiccioMMM18,
  author    = {Claudio Di Ciccio and
               Fabrizio Maria Maggi and
               Marco Montali and
               Jan Mendling},
  title     = {On the relevance of a business constraint to an event log},
  journal   = {Inf. Syst.},
  volume    = {78},
  pages     = {144--161},
  year      = {2018},
}

@Proceedings{     DBLP:conf/aaai/2017,
  title         = {Proceedings of the Thirty-First {AAAI} Conference on
                  Artificial Intelligence, February 4-9, 2017, San Francisco,
                  California, {USA}},
  year          = {2017},
  publisher     = {{AAAI} Press}
}

@Proceedings{     DBLP:conf/dlog/2017,
  title         = {Proceedings of the 30th International Workshop on
                  Description Logics, Montpellier, France, July 18-21, 2017},
  series        = {{CEUR} Workshop Proceedings},
  volume        = {1879},
  publisher     = {CEUR-WS.org},
  year          = {2017},
  urn           = {urn:nbn:de:0074-1879-6}
}

@Proceedings{     DBLP:conf/bpm/2018,
  title         = {Business Process Management - 16th International
                  Conference, {BPM} 2018, Sydney, NSW, Australia, September
                  9-14, 2018, Proceedings},
  year          = {2018},
  volume        = {11080},
  series        = {Lecture Notes in Computer Science},
  publisher     = {Springer},
  isbn          = {978-3-319-98647-0}
}

@Proceedings{     BPM2016,
  title         = {Business Process Management - 14th International
                  Conference, {BPM} 2016, Rio de Janeiro, Brazil, September
                  18-22, 2016. Proceedings},
  year          = {2016},
  volume        = {9850},
  series        = {Lecture Notes in Computer Science},
  publisher     = {Springer},
  isbn          = {978-3-319-45347-7}
}

@Proceedings{     DBLP:conf/vldb/91,
  title         = {17th International Conference on Very Large Data Bases,
                  September 3-6, 1991, Barcelona, Catalonia, Spain,
                  Proceedings},
  year          = {1991},
  publisher     = {Morgan Kaufmann},
  isbn          = {1-55860-150-3}
}

@Proceedings{     DBLP:conf/cidm/2014,
  title         = {2014 {IEEE} Symposium on Computational Intelligence and
                  Data Mining, {CIDM} 2014, Orlando, FL, USA, December 9-12,
                  2014},
  publisher     = {{IEEE}},
  year          = {2014},
  isbn          = {978-1-4799-4519-1}
}

@Proceedings{     DBLP:conf/bpm/2014w,
  title         = {Business Process Management Workshops - {BPM} 2014
                  International Workshops, Eindhoven, The Netherlands,
                  September 7-8, 2014, Revised Papers},
  series        = {Lecture Notes in Business Information Processing},
  volume        = {202},
  publisher     = {Springer},
  year          = {2015},
  isbn          = {978-3-319-15894-5}
}

@Proceedings{     DBLP:conf/otm/2013,
  title         = {On the Move to Meaningful Internet Systems: {OTM} 2013
                  Conferences - Confederated International Conferences:
                  CoopIS, DOA-Trusted Cloud, and {ODBASE} 2013, Graz,
                  Austria, September 9-13, 2013. Proceedings},
  series        = {Lecture Notes in Computer Science},
  volume        = {8185},
  publisher     = {Springer},
  year          = {2013},
  isbn          = {978-3-642-41029-1}
}

@Proceedings{     DBLP:conf/cec/2014,
  title         = {Proceedings of the {IEEE} Congress on Evolutionary
                  Computation, {CEC} 2014, Beijing, China, July 6-11, 2014},
  publisher     = {{IEEE}},
  year          = {2014}
}

@Proceedings{     DBLP:conf/ruleml/2014,
  title         = {Rules on the Web. From Theory to Applications - 8th
                  International Symposium, RuleML 2014, Co-located with the
                  21st European Conference on Artificial Intelligence, {ECAI}
                  2014, Prague, Czech Republic, August 18-20, 2014.
                  Proceedings},
  series        = {Lecture Notes in Computer Science},
  volume        = {8620},
  publisher     = {Springer},
  year          = {2014},
  isbn          = {978-3-319-09869-2}
}

@Proceedings{     DBLP:conf/sac/2017,
  title         = {Proceedings of the Symposium on Applied Computing, {SAC}
                  2017, Marrakech, Morocco, April 3-7, 2017},
  publisher     = {{ACM}},
  year          = {2017},
  isbn          = {978-1-4503-4486-9}
}

@Proceedings{     DBLP:conf/cidm/2011,
  title         = {Proceedings of the {IEEE} Symposium on Computational
                  Intelligence and Data Mining, {CIDM} 2011, part of the
                  {IEEE} Symposium Series on Computational Intelligence 2011,
                  April 11-15, 2011, Paris, France},
  publisher     = {{IEEE}},
  year          = {2011},
  isbn          = {978-1-4244-9925-0}
}

@Proceedings{     BPM2017,
  title         = {Business Process Management - 15th International
                  Conference, {BPM} 2017, Barcelona, Spain, September 10-15,
                  2017, Proceedings},
  year          = {2017},
  volume        = {10445},
  series        = {Lecture Notes in Computer Science},
  publisher     = {Springer},
  isbn          = {978-3-319-64999-3}
}

@Proceedings{     DBLP:conf/fm/2001,
  title         = {FME 2001: Formal Methods for Increasing Software
                  Productivity, International Symposium of Formal Methods
                  Europe, Berlin, Germany, March 12-16, 2001, Proceedings},
  year          = {2001},
  volume        = {2021},
  series        = {Lecture Notes in Computer Science},
  publisher     = {Springer},
  isbn          = {3-540-41791-5},
  booktitle     = {FME}
}

@Proceedings{     DBLP:conf/lpar/1999,
  title         = {Logic Programming and Automated Reasoning, 6th
                  International Conference, LPAR'99, Tbilisi, Georgia,
                  September 6-10, 1999, Proceedings},
  series        = {Lecture Notes in Computer Science},
  volume        = {1705},
  publisher     = {Springer},
  year          = {1999},
  isbn          = {3-540-66492-0}
}

@Proceedings{     DBLP:conf/wsfm/2006,
  title         = {Web Services and Formal Methods, Third International
                  Workshop, WS-FM 2006 Vienna, Austria, September 8-9, 2006,
                  Proceedings},
  year          = {2006},
  publisher     = {Springer},
  series        = {Lecture Notes in Computer Science},
  volume        = {4184},
  booktitle     = {WS-FM},
  isbn          = {3-540-38862-1}
}

@Proceedings{     DBLP:conf/pods/96,
  title         = {Proceedings of the Fifteenth {ACM} {SIGACT-SIGMOD-SIGART}
                  Symposium on Principles of Database Systems, June 3-5,
                  1996, Montreal, Canada},
  publisher     = {{ACM} Press},
  year          = {1996},
  isbn          = {0-89791-781-2}
}

@Proceedings{     DBLP:conf/cilc/2010,
  title         = {Proceedings of the 25th Italian Conference on
                  Computational Logic, Rende, Italy, July 7-9, 2010},
  series        = {{CEUR} Workshop Proceedings},
  volume        = {598},
  publisher     = {CEUR-WS.org},
  year          = {2010},
  urn           = {urn:nbn:de:0074-598-1}
}

@Proceedings{     DBLP:conf/bpm/2007,
  title         = {Business Process Management, 5th International Conference,
                  {BPM} 2007, Brisbane, Australia, September 24-28, 2007,
                  Proceedings},
  series        = {Lecture Notes in Computer Science},
  volume        = {4714},
  publisher     = {Springer},
  year          = {2007},
  isbn          = {978-3-540-75182-3}
}

@Proceedings{     DBLP:conf/ilp/2007,
  title         = {Inductive Logic Programming, 17th International
                  Conference, ILP 2007, Corvallis, OR, USA, June 19-21, 2007,
                  Revised Selected Papers},
  year          = {2008},
  publisher     = {Springer},
  series        = {Lecture Notes in Computer Science},
  volume        = {4894},
  booktitle     = {ILP},
  isbn          = {978-3-540-78468-5}
}

@Proceedings{     DBLP:conf/ksem/2010,
  title         = {Knowledge Science, Engineering and Management, 4th
                  International Conference, KSEM 2010, Belfast, Northern
                  Ireland, UK, September 1-3, 2010. Proceedings},
  year          = {2010},
  publisher     = {Springer},
  series        = {Lecture Notes in Computer Science},
  volume        = {6291},
  booktitle     = {KSEM},
  isbn          = {978-3-642-15279-5}
}

@Proceedings{     DBLP:conf/pods/2004,
  title         = {Proceedings of the Twenty-third {ACM}
                  {SIGACT-SIGMOD-SIGART} Symposium on Principles of Database
                  Systems, June 14-16, 2004, Paris, France},
  year          = {2004},
  publisher     = {{ACM}},
  isbn          = {1-58113-858-X}
}

@Proceedings{     DBLP:conf/bpm/2017w,
  title         = {Business Process Management Workshops - {BPM} 2017
                  International Workshops, Barcelona, Spain, September 10-11,
                  2017, Revised Papers},
  year          = {2018},
  volume        = {308},
  series        = {Lecture Notes in Business Information Processing},
  publisher     = {Springer},
  isbn          = {978-3-319-74029-4}
}

@Proceedings{     DBLP:conf/isola/2016-2,
  title         = {Leveraging Applications of Formal Methods, Verification
                  and Validation: Discussion, Dissemination, Applications -
                  7th International Symposium, ISoLA 2016, Imperial, Corfu,
                  Greece, October 10-14, 2016, Proceedings, Part {II}},
  year          = {2016},
  volume        = {9953},
  series        = {Lecture Notes in Computer Science},
  isbn          = {978-3-319-47168-6}
}

@Proceedings{     DBLP:conf/birthday/1999langmaack,
  title         = {Correct System Design, Recent Insight and Advances, (to
                  Hans Langmaack on the occasion of his retirement from his
                  professorship at the University of Kiel)},
  year          = {1999},
  publisher     = {Springer},
  series        = {Lecture Notes in Computer Science},
  volume        = {1710},
  isbn          = {3-540-66624-9}
}

@Proceedings{     BPMDemos2017,
  title         = {Proceedings of the {BPM} Demo Track and {BPM} Dissertation
                  Award co-located with 15th International Conference on
                  Business Process Modeling {(BPM} 2017), Barcelona, Spain,
                  September 13, 2017},
  year          = {2017},
  volume        = {1920},
  series        = {{CEUR} Workshop Proceedings},
  publisher     = {CEUR-WS.org}
}

@Proceedings{     DBLP:conf/stacs/1999,
  title         = {{STACS} 99, 16th Annual Symposium on Theoretical Aspects
                  of Computer Science, Trier, Germany, March 4-6, 1999,
                  Proceedings},
  year          = {1999},
  volume        = {1563},
  series        = {Lecture Notes in Computer Science},
  publisher     = {Springer}
}

@Proceedings{     DBLP:conf/ijcai/2013,
  title         = {{IJCAI} 2013, Proceedings of the 23rd International Joint
                  Conference on Artificial Intelligence, Beijing, China,
                  August 3-9, 2013},
  year          = {2013},
  publisher     = {{IJCAI/AAAI}},
  isbn          = {978-1-57735-633-2}
}

@Proceedings{     DBLP:conf/aiccsa/2015,
  title         = {12th {IEEE/ACS} International Conference of Computer
                  Systems and Applications, {AICCSA} 2015, Marrakech,
                  Morocco, November 17-20, 2015},
  publisher     = {{IEEE}},
  year          = {2015},
  isbn          = {978-1-5090-0478-2}
}

@Proceedings{     DBLP:conf/caise/2010fo,
  title         = {Information Systems Evolution - CAiSE Forum 2010,
                  Hammamet, Tunisia, June 7-9, 2010, Selected Extended
                  Papers},
  series        = {Lecture Notes in Business Information Processing},
  volume        = {72},
  publisher     = {Springer},
  year          = {2011},
  isbn          = {978-3-642-17721-7}
}

@Proceedings{     DBLP:conf/sac/2015,
  title         = {Proceedings of the 30th Annual {ACM} Symposium on Applied
                  Computing, Salamanca, Spain, April 13-17, 2015},
  year          = {2015},
  publisher     = {{ACM}},
  isbn          = {978-1-4503-3196-8}
}

@Proceedings{     BPMDS-EMMSAD2015,
  title         = {Enterprise, Business-Process and Information Systems
                  Modeling - 16th International Conference, {BPMDS} 2015,
                  20th International Conference, {EMMSAD} 2015, Held at CAiSE
                  2015, Stockholm, Sweden, June 8-9, 2015, Proceedings},
  year          = {2015},
  volume        = {214},
  series        = {Lecture Notes in Business Information Processing},
  publisher     = {Springer},
  isbn          = {978-3-319-19236-9}
}

@Proceedings{     DBLP:conf/bpm/2013,
  title         = {Business Process Management - 11th International
                  Conference, BPM 2013, Beijing, China, August 26-30, 2013.
                  Proceedings},
  year          = {2013},
  publisher     = {Springer},
  series        = {Lecture Notes in Computer Science},
  volume        = {8094},
  booktitle     = {BPM},
  isbn          = {978-3-642-40175-6}
}

@Proceedings{     DBLP:conf/sac/2013,
  title         = {Proceedings of the 28th Annual ACM Symposium on Applied
                  Computing, SAC '13, Coimbra, Portugal, March 18-22, 2013},
  year          = {2013},
  publisher     = {ACM},
  booktitle     = {SAC},
  isbn          = {978-1-4503-1656-9}
}

@Proceedings{     DBLP:conf/aaai/2014,
  title         = {Proceedings of the Twenty-Eighth {AAAI} Conference on
                  Artificial Intelligence, July 27 -31, 2014, Qu{\'{e}}bec
                  City, Qu{\'{e}}bec, Canada},
  publisher     = {{AAAI} Press},
  year          = {2014},
  isbn          = {978-1-57735-661-5}
}

@Proceedings{     DBLP:conf/tableaux/1998,
  title         = {Automated Reasoning with Analytic Tableaux and Related
                  Methods, International Conference, {TABLEAUX} '98,
                  Oisterwijk, The Netherlands, May 5-8, 1998, Proceedings},
  series        = {Lecture Notes in Computer Science},
  volume        = {1397},
  publisher     = {Springer},
  year          = {1998},
  isbn          = {3-540-64406-7}
}

@Proceedings{     DBLP:conf/edoc/2012,
  title         = {16th {IEEE} International Enterprise Distributed Object
                  Computing Conference, {EDOC} 2012, Beijing, China,
                  September 10-14, 2012},
  publisher     = {{IEEE} Computer Society},
  year          = {2012},
  isbn          = {978-1-4673-2444-1}
}

@Proceedings{     ICSOC2016,
  title         = {Service-Oriented Computing - 14th International
                  Conference, {ICSOC} 2016, Banff, AB, Canada, October 10-13,
                  2016, Proceedings},
  year          = {2016},
  volume        = {9936},
  series        = {Lecture Notes in Computer Science},
  publisher     = {Springer},
  isbn          = {978-3-319-46294-3}
}

@Proceedings{     DBLP:conf/caise/2005,
  title         = {Advanced Information Systems Engineering, 17th
                  International Conference, CAiSE 2005, Porto, Portugal, June
                  13-17, 2005, Proceedings},
  series        = {Lecture Notes in Computer Science},
  volume        = {3520},
  publisher     = {Springer},
  year          = {2005},
  isbn          = {3-540-26095-1}
}

@Proceedings{     DBLP:conf/caise/2012,
  title         = {Advanced Information Systems Engineering - 24th
                  International Conference, CAiSE 2012, Gdansk, Poland, June
                  25-29, 2012. Proceedings},
  year          = {2012},
  publisher     = {Springer},
  series        = {Lecture Notes in Computer Science},
  volume        = {7328},
  booktitle     = {CAiSE},
  isbn          = {978-3-642-31094-2}
}

@Proceedings{     DBLP:conf/caise/2009bpmds,
  title         = {Enterprise, Business-Process and Information Systems
                  Modeling, 10th International Workshop, {BPMDS} 2009, and
                  14th International Conference, {EMMSAD} 2009, held at CAiSE
                  2009, Amsterdam, The Netherlands, June 8-9, 2009.
                  Proceedings},
  series        = {Lecture Notes in Business Information Processing},
  volume        = {29},
  publisher     = {Springer},
  year          = {2009},
  isbn          = {978-3-642-01861-9}
}

@Proceedings{     DBLP:conf/bpm/2013d,
  title         = {Proceedings of the {BPM} Demo sessions 2013, Beijing,
                  China, August 26-30, 2013},
  series        = {{CEUR} Workshop Proceedings},
  volume        = {1021},
  publisher     = {CEUR-WS.org},
  year          = {2013},
  urn           = {urn:nbn:de:0074-1021-0}
}

@Proceedings{     DBLP:conf/caise/2013,
  title         = {Advanced Information Systems Engineering - 25th
                  International Conference, CAiSE 2013, Valencia, Spain, June
                  17-21, 2013. Proceedings},
  series        = {Lecture Notes in Computer Science},
  volume        = {7908},
  publisher     = {Springer},
  year          = {2013},
  isbn          = {978-3-642-38708-1}
}

@Proceedings{     DBLP:conf/otm/2014,
  title         = {On the Move to Meaningful Internet Systems: {OTM} 2014
                  Conferences - Confederated International Conferences:
                  CoopIS, and {ODBASE} 2014, Amantea, Italy, October 27-31,
                  2014, Proceedings},
  series        = {Lecture Notes in Computer Science},
  volume        = {8841},
  publisher     = {Springer},
  year          = {2014},
  isbn          = {978-3-662-45562-3}
}

@Proceedings{     DBLP:conf/apbpm/2013,
  title         = {Asia Pacific Business Process Management - First Asia
                  Pacific Conference, {AP-BPM} 2013, Beijing, China, August
                  29-30, 2013. Selected Papers},
  series        = {Lecture Notes in Business Information Processing},
  volume        = {159},
  publisher     = {Springer},
  year          = {2013},
  isbn          = {978-3-319-02921-4}
}

@Proceedings{     DBLP:conf/bpm/2015d,
  title         = {Proceedings of the {BPM} Demo Session 2015 Co-located with
                  the 13th International Conference on Business Process
                  Management {(BPM} 2015), Innsbruck, Austria, September 2,
                  2015},
  series        = {{CEUR} Workshop Proceedings},
  volume        = {1418},
  publisher     = {CEUR-WS.org},
  year          = {2015},
  urn           = {urn:nbn:de:0074-1418-4}
}

@Proceedings{     DBLP:conf/ispw/2014,
  title         = {International Conference on Software and Systems Process
                  2014, {ICSSP} '14, Nanjing, China - May 26 - 28, 2014},
  year          = {2014},
  publisher     = {{ACM}},
  isbn          = {978-1-4503-2754-1}
}

@Proceedings{     DBLP:conf/bir/2014,
  title         = {Perspectives in Business Informatics Research - 13th
                  International Conference, {BIR} 2014, Lund, Sweden,
                  September 22-24, 2014. Proceedings},
  series        = {Lecture Notes in Business Information Processing},
  volume        = {194},
  publisher     = {Springer},
  year          = {2014},
  isbn          = {978-3-319-11369-2}
}

@Proceedings{     DBLP:conf/otm/2012-1,
  title         = {On the Move to Meaningful Internet Systems: {OTM} 2012,
                  Confederated International Conferences: CoopIS, DOA-SVI,
                  and {ODBASE} 2012, Rome, Italy, September 10-14, 2012.
                  Proceedings, Part {I}},
  series        = {Lecture Notes in Computer Science},
  volume        = {7565},
  publisher     = {Springer},
  year          = {2012},
  isbn          = {978-3-642-33605-8}
}

@Proceedings{     DBLP:conf/caise/2016,
  title         = {Advanced Information Systems Engineering - 28th
                  International Conference, CAiSE 2016, Ljubljana, Slovenia,
                  June 13-17, 2016. Proceedings},
  year          = {2016},
  volume        = {9694},
  series        = {Lecture Notes in Computer Science},
  publisher     = {Springer},
  isbn          = {978-3-319-39695-8}
}

@Proceedings{     DBLP:conf/colcom/2014,
  title         = {10th {IEEE} International Conference on Collaborative
                  Computing: Networking, Applications and Worksharing,
                  CollaborateCom 2014, Miami, Florida, USA, October 22-25,
                  2014},
  publisher     = {{ICST} / {IEEE}},
  year          = {2014},
  isbn          = {978-1-63190-043-3}
}

@Proceedings{     DBLP:conf/caise/2015fo,
  title         = {Proceedings of the CAiSE 2015 Forum at the 27th
                  International Conference on Advanced Information Systems
                  Engineering co-located with 27th International Conference
                  on Advanced Information Systems Engineering (CAiSE 2015),
                  Stockholm, Sweden, June 10th, 2015},
  series        = {{CEUR} Workshop Proceedings},
  volume        = {1367},
  publisher     = {CEUR-WS.org},
  year          = {2015},
  urn           = {urn:nbn:de:0074-1367-5}
}

@Proceedings{     DBLP:conf/bpm/2015,
  title         = {Business Process Management - 13th International
                  Conference, {BPM} 2015, Innsbruck, Austria, August 31 -
                  September 3, 2015, Proceedings},
  series        = {Lecture Notes in Computer Science},
  volume        = {9253},
  publisher     = {Springer},
  year          = {2015},
  isbn          = {978-3-319-23062-7}
}

@Proceedings{     DBLP:conf/caise/2015bpmds,
  title         = {Enterprise, Business-Process and Information Systems
                  Modeling - 16th International Conference, {BPMDS} 2015,
                  20th International Conference, {EMMSAD} 2015, Held at CAiSE
                  2015, Stockholm, Sweden, June 8-9, 2015, Proceedings},
  series        = {Lecture Notes in Business Information Processing},
  volume        = {214},
  publisher     = {Springer},
  year          = {2015},
  isbn          = {978-3-319-19236-9}
}

@Book{            Weske/2007:BusinessProcessManagement,
  author        = {Mathias Weske},
  title         = {Business Process Management: Concepts, Languages,
                  Architectures},
  year          = {2007},
  publisher     = {Springer},
  isbn          = {978-3-540-73521-2},
  doi           = {10.1007/978-3-540-73522-9}
}

@Book{            Adamo/2001:Dataminingassociationrules,
  author        = {Jean{-}Marc Adamo},
  title         = {Data mining for association rules and sequential patterns
                  - sequential and parallel algorithms},
  year          = {2001},
  editor        = {Jean{-}Marc Adamo},
  publisher     = {Springer New York},
  isbn          = {978-0-387-95048-8},
  doi           = {10.1007/978-1-4613-0085-4}
}

@Book{            Aalst/2016:ProcessMiningBook:DataScienceinAction,
  author        = {Wil M. P. van der Aalst},
  title         = {Process Mining - Data Science in Action, Second Edition},
  year          = {2016},
  publisher     = {Springer},
  isbn          = {978-3-662-49850-7},
  doi           = {10.1007/978-3-662-49851-4}
}

@Book{            Baader.etal/2003:DLHandbook,
  title         = {The Description Logic Handbook: Theory, Implementation,
                  and Applications},
  year          = {2003},
  editor        = {Franz Baader and Diego Calvanese and Deborah L. McGuinness
                  and Daniele Nardi and Peter F. Patel{-}Schneider},
  publisher     = {Cambridge University Press},
  isbn          = {0-521-78176-0}
}

@Book{            Abiteboul.etal/1995:FoundationsofDatabases,
  author        = {Serge Abiteboul and Richard Hull and Victor Vianu},
  title         = {Foundations of Databases},
  year          = {1995},
  publisher     = {Addison-Wesley},
  isbn          = {0-201-53771-0}
}

@Book{            Mendelson/2015:IntroductionMathematicalLogic,
  author        = {Elliott Mendelson},
  title         = {Introduction to Mathematical Logic},
  year          = {2015},
  publisher     = {Chapman and Hall},
  isbn          = {978-1482237726}
}

@Book{            bowman1996practical,
  title         = {The Practical {SQL} Handbook: Using Structured Query
                  Language},
  author        = {Bowman, Judith S and Emerson, Sandra L and Darnovsky,
                  Marcy},
  year          = {1996},
  publisher     = {Addison-Wesley Longman Publishing}
}

@Book{            Dumas.etal/2018:FundamentalsofBPM,
  author        = {Marlon Dumas and La Rosa, Marcello and Jan Mendling and
                  Hajo A. Reijers},
  title         = {Fundamentals of Business Process Management, Second
                  Edition},
  year          = {2018},
  publisher     = {Springer},
  isbn          = {978-3-662-56508-7},
  doi           = {10.1007/978-3-662-56509-4}
}

@Book{            Jablonski.Bussler/1996:WorkflowManagement,
  author        = {Stefan Jablonski and Christoph Bussler},
  title         = {Workflow management - modeling concepts, architecture and
                  implementation},
  year          = {1996},
  publisher     = {International Thomson},
  isbn          = {978-1-85032-222-1}
}

@Book{            mistry2012microsoft,
  title         = {Microsoft SQL Server 2012 Management and Administration},
  author        = {Mistry, Ross and Seenarine, Shirmattie},
  year          = {2012},
  publisher     = {Sams Publishing}
}

@Book{            skulschus2013ms,
  title         = {MS SQL Server 2012: Data Mining, Analyse und Multivariate
                  Verfahren},
  author        = {Skulschus, Marco and Tittel, Jan and Wiederstein, Marcus},
  volume        = {4},
  year          = {2013},
  publisher     = {Comelio GmbH}
}

@Book{            codd1990relational,
  title         = {The relational model for database management: version 2},
  author        = {Codd, Edgar F.},
  year          = {1990},
  publisher     = {Addison-Wesley},
  isbn          = {0-201-14192-2}
}

@InProceedings{   Leno.etal/BPM2018:CorrelatingActivationandTargetConditionsinDataAwareDeclarativeProcessDiscovery,
  author        = {Volodymyr Leno and Marlon Dumas and Fabrizio Maria Maggi},
  title         = {Correlating Activation and Target Conditions in Data-Aware
                  Declarative Process Discovery},
  booktitle     = {BPM},
  year          = {2018},
  pages         = {176--193},
  doi           = {10.1007/978-3-319-98648-7\_11},
  volume        = {11080},
  series        = {Lecture Notes in Computer Science},
  publisher     = {Springer},
  isbn          = {978-3-319-98647-0}
}

@InProceedings{   Marengo.etal/2016:PRECISElanguage,
  author        = {Elisa Marengo and Patrick Dallasega and Marco Montali and
                  Werner Nutt},
  title         = {Towards a Graphical Language for Process Modelling in
                  Construction},
  booktitle     = {CAiSE Forum},
  year          = {2016},
  pages         = {17--24},
  url           = {http://ceur-ws.org/Vol-1612/paper3.pdf},
  volume        = {1612},
  series        = {{CEUR} Workshop Proceedings},
  publisher     = {CEUR-WS.org},
  urn           = {urn:nbn:de:0074-1612-0}
}

@InProceedings{   Brandt.etal/AAAI2017:OntologyBasedDataAccessHornFragmentMetricTemporalLogic,
  author        = {Sebastian Brandt and Elem G{\"{u}}zel Kalayci and Roman
                  Kontchakov and Vladislav Ryzhikov and Guohui Xiao and
                  Michael Zakharyaschev},
  title         = {Ontology-Based Data Access with a Horn Fragment of Metric
                  Temporal Logic},
  booktitle     = {AAAI},
  year          = {2017},
  pages         = {1070--1076},
  url           = {http://aaai.org/ocs/index.php/AAAI/AAAI17/paper/view/14881},
  publisher     = {{AAAI} Press}
}

@InProceedings{   Aalst.etal/DL2017:OCBC,
  author        = {Wil M. P. van der Aalst and Alessandro Artale and Marco
                  Montali and Simone Tritini},
  title         = {Object-Centric Behavioral Constraints: Integrating Data
                  and Declarative Process Modelling},
  booktitle     = {DL},
  year          = {2017},
  url           = {http://ceur-ws.org/Vol-1879/paper51.pdf},
  series        = {{CEUR} Workshop Proceedings},
  volume        = {1879},
  publisher     = {CEUR-WS.org},
  urn           = {urn:nbn:de:0074-1879-6}
}

@InProceedings{   Marengo.etal/BPM2018:ConstructionProcessModeling,
  author        = {Elisa Marengo and Werner Nutt and Matthias Perktold},
  title         = {Construction Process Modeling: Representing Activities,
                  Items and Their Interplay},
  booktitle     = {BPM},
  year          = {2018},
  pages         = {48--65},
  doi           = {10.1007/978-3-319-98648-7\_4},
  volume        = {11080},
  series        = {Lecture Notes in Computer Science},
  publisher     = {Springer},
  isbn          = {978-3-319-98647-0}
}

@InProceedings{   GabbayPnueliEtAl/POPL1980:TemporalAnalysisFairness,
  author        = {Gabbay, Dov and Pnueli, Amir and Shelah, Saharon and
                  Stavi, Jonathan},
  title         = {On the Temporal Analysis of Fairness},
  booktitle     = {Proceedings of the 7th ACM SIGPLAN-SIGACT symposium on
                  Principles of programming languages},
  year          = {1980},
  series        = {POPL '80},
  publisher     = {ACM},
  location      = {Las Vegas, Nevada},
  isbn          = {0-89791-011-7},
  pages         = {163--173},
  doi           = {10.1145/567446.567462}
}

@Article{         DiCiccio.etal/IS2018:RelevanceofBusinessConstrainttoEventLog,
  author        = {Di Ciccio, Claudio and Maggi, Fabrizio Maria and Montali,
                  Marco and Mendling, Jan},
  title         = {On the Relevance of a Business Constraint to an Event
                  Log},
  journal       = {Information Systems},
  year          = {2018},
  issn          = {0306-4379},
  doi           = {https://doi.org/10.1016/j.is.2018.01.011}
}

@InProceedings{   Maggi.etal/BPM2016:SemanticalVacuityDetectionDeclare,
  author        = {Maggi, Fabrizio Maria and Montali, Marco and Di Ciccio,
                  Claudio and Mendling, Jan},
  title         = {Semantical Vacuity Detection in Declarative Process
                  Mining},
  booktitle     = {BPM},
  year          = {2016},
  pages         = {158--175},
  volume        = {9850},
  doi           = {10.1007/978-3-319-45348-4_10},
  series        = {Lecture Notes in Computer Science},
  publisher     = {Springer},
  isbn          = {978-3-319-45347-7}
}

@Article{         KruseNaumann/PVLDB2018:EfficientDiscoveryApproximateDependencies,
  author        = {Sebastian Kruse and Felix Naumann},
  title         = {Efficient Discovery of Approximate Dependencies},
  journal       = {{PVLDB}},
  year          = {2018},
  volume        = {11},
  number        = {7},
  pages         = {759--772},
  doi           = {10.14778/3192965.3192968}
}

@InProceedings{   GabbayMcBrien/VLDB1991:TemporalLogicAndHistoricalDatabases,
  author        = {Dov M. Gabbay and Peter McBrien},
  title         = {Temporal Logic {\&} Historical Databases},
  booktitle     = {VLDB},
  year          = {1991},
  pages         = {423--430},
  url           = {http://www.vldb.org/conf/1991/P423.PDF},
  publisher     = {Morgan Kaufmann},
  isbn          = {1-55860-150-3}
}

@Article{         Boehlen.etal/ACMToDS2000:TemporalStatementModifiers,
  author        = {B\"{o}hlen, Michael H. and Jensen, Christian S. and
                  Snodgrass, Richard Thomas},
  title         = {Temporal Statement Modifiers},
  journal       = {ACM Trans. Database Syst.},
  year          = {2000},
  volume        = {25},
  number        = {4},
  pages         = {407--456},
  issn          = {0362-5915},
  doi           = {10.1145/377674.377665},
  publisher     = {ACM}
}

@Article{         Dignoes.etal/ACMToDS2016:ExtendingtheKernelofaRelationalDBMSwithComprehensiveSupportforSequencedTemporalQueries,
  author        = {Dign\"{o}s, Anton and B\"{o}hlen, Michael H. and Gamper,
                  Johann and Jensen, Christian S.},
  title         = {Extending the Kernel of a Relational {DBMS} with
                  Comprehensive Support for Sequenced Temporal Queries},
  journal       = {ACM Trans. Database Syst.},
  year          = {2016},
  volume        = {41},
  number        = {4},
  pages         = {26:1--26:46},
  issn          = {0362-5915},
  doi           = {10.1145/2967608},
  publisher     = {ACM}
}

@Article{         Clarke.etal/ACMTPLS1986:CTL,
  author        = {Edmund M. Clarke and E. Allen Emerson and A. Prasad
                  Sistla},
  title         = {Automatic Verification of Finite-State Concurrent Systems
                  Using Temporal Logic Specifications},
  journal       = {ACM Trans. Program. Lang. Syst.},
  year          = {1986},
  volume        = {8},
  number        = {2},
  pages         = {244-263},
  doi           = {10.1145/5397.5399}
}

@InCollection{    Chan/CAV2000:TemporallogicQueries,
  author        = {Chan, William},
  title         = {Temporal-logic Queries},
  booktitle     = {Computer Aided Verification},
  publisher     = {Springer Berlin Heidelberg},
  year          = {2000},
  editor        = {Emerson, E. Allen and Sistla, Aravinda Prasad},
  volume        = {1855},
  series        = {Lecture Notes in Computer Science},
  pages         = {450-463},
  isbn          = {978-3-540-67770-3},
  doi           = {10.1007/10722167_34}
}

@InProceedings{   Lichtenstein.etal/LogicsofPrograms1985:TheGloryofthePast,
  author        = {Orna Lichtenstein and Amir Pnueli and Lenore D. Zuck},
  title         = {The Glory of the Past},
  booktitle     = {Logics of Programs},
  year          = {1985},
  pages         = {196--218},
  doi           = {10.1007/3-540-15648-8_16}
}

@InProceedings{   DBLP:conf/cidm/BernardiCM14,
  author        = {Mario Luca Bernardi and Marta Cimitile and Fabrizio Maria
                  Maggi},
  title         = {Discovering cross-organizational business rules from the
                  cloud},
  booktitle     = {CIDM},
  pages         = {389--396},
  year          = {2014},
  doi           = {10.1109/CIDM.2014.7008694},
  publisher     = {{IEEE}},
  isbn          = {978-1-4799-4519-1}
}

@Article{         Markey/ENTCS2002:PastisforFree,
  author        = {Nicolas Markey},
  title         = {Past is for Free: on the Complexity of Verifying Linear
                  Temporal Properties with Past},
  journal       = {Electr. Notes Theor. Comput. Sci.},
  year          = {2002},
  volume        = {68},
  number        = {2},
  pages         = {87--104},
  doi           = {10.1016/S1571-0661(05)80366-4}
}

@Article{         DBLP:journals/tsc/BurattinCMS15,
  author        = {Andrea Burattin and Marta Cimitile and Fabrizio Maria
                  Maggi and Alessandro Sperduti},
  title         = {Online Discovery of Declarative Process Models from Event
                  Streams},
  journal       = {{IEEE} Trans. Services Computing},
  volume        = {8},
  number        = {6},
  pages         = {833--846},
  year          = {2015},
  doi           = {10.1109/TSC.2015.2459703}
}

@InProceedings{   DBLP:conf/bpm/BurattinCM14,
  author        = {Andrea Burattin and Marta Cimitile and Fabrizio Maria
                  Maggi},
  title         = {Lights, Camera, Action! Business Process Movies for Online
                  Process Discovery},
  booktitle     = {BPM Workshops},
  pages         = {408--419},
  year          = {2014},
  doi           = {10.1007/978-3-319-15895-2_34},
  series        = {Lecture Notes in Business Information Processing},
  volume        = {202},
  publisher     = {Springer},
  isbn          = {978-3-319-15894-5}
}

@InProceedings{   DBLP:conf/otm/MaggiBCS13,
  author        = {Fabrizio Maria Maggi and Andrea Burattin and Marta
                  Cimitile and Alessandro Sperduti},
  title         = {Online Process Discovery to Detect Concept Drifts in
                  LTL-Based Declarative Process Models},
  booktitle     = {OTM},
  pages         = {94--111},
  year          = {2013},
  doi           = {10.1007/978-3-642-41030-7_7},
  series        = {Lecture Notes in Computer Science},
  volume        = {8185},
  publisher     = {Springer},
  isbn          = {978-3-642-41029-1}
}

@InProceedings{   vanden2014declarative,
  author        = {Seppe K. L. M. vanden Broucke and Jan Vanthienen and Bart
                  Baesens},
  title         = {Declarative process discovery with evolutionary
                  computing},
  booktitle     = {CEC},
  pages         = {2412--2419},
  year          = {2014},
  publisher     = {{IEEE}},
  url           = {https://doi.org/10.1109/CEC.2014.6900293},
  doi           = {10.1109/CEC.2014.6900293}
}

@Article{         DBLP:journals/is/BernardiCFM16,
  author        = {Mario Luca Bernardi and Marta Cimitile and Chiara Di
                  Francescomarino and Fabrizio Maria Maggi},
  title         = {Do activity lifecycles affect the validity of a business
                  rule in a business process?},
  journal       = {Inf. Syst.},
  volume        = {62},
  pages         = {42--59},
  year          = {2016},
  doi           = {10.1016/j.is.2016.06.002}
}

@InProceedings{   DBLP:conf/ruleml/BernardiCFM14,
  author        = {Mario Luca Bernardi and Marta Cimitile and Chiara Di
                  Francescomarino and Fabrizio Maria Maggi},
  title         = {Using Discriminative Rule Mining to Discover Declarative
                  Process Models with Non-atomic Activities},
  booktitle     = {ECAI},
  pages         = {281--295},
  year          = {2014},
  doi           = {10.1007/978-3-319-09870-8_21},
  series        = {Lecture Notes in Computer Science},
  volume        = {8620},
  publisher     = {Springer},
  isbn          = {978-3-319-09869-2}
}

@Article{         DBLP:journals/ijcis/MaggiW14,
  author        = {Fabrizio Maria Maggi and Michael Westergaard},
  title         = {Using Timed Automata for \emph{a Priori} Warnings and
                  Planning for Timed Declarative Process Models},
  journal       = {Int. J. Cooperative Inf. Syst.},
  volume        = {23},
  number        = {1},
  year          = {2014},
  doi           = {10.1142/S0218843014400036}
}

@InProceedings{   Debois.etal/SAC2017:DeclarativeprocessminingforDCRgraphs,
  author        = {S{\o}ren Debois and Thomas T. Hildebrandt and Paw
                  H{\o}vsgaard Laursen and Kenneth Ry Ulrik},
  title         = {Declarative process mining for {DCR} graphs},
  booktitle     = {SAC},
  year          = {2017},
  pages         = {759--764},
  doi           = {10.1145/3019612.3019622},
  publisher     = {{ACM}},
  isbn          = {978-1-4503-4486-9}
}

@InProceedings{   Maggi2011,
  author        = {Fabrizio Maria Maggi and Arjan J. Mooij and Wil M. P. van
                  der Aalst},
  title         = {User-guided discovery of declarative process models},
  booktitle     = {CIDM},
  pages         = {192--199},
  year          = {2011},
  publisher     = {{IEEE}},
  doi           = {10.1109/CIDM.2011.5949297},
  isbn          = {978-1-4244-9925-0}
}

@Article{         Augusto.etal/2017:ProcessDiscoveryBenchmark,
  author        = {Adriano Augusto and Raffaele Conforti and Marlon Dumas and
                  La Rosa, Macello and Fabrizio Maria Maggi and Andrea
                  Marrella and Massimo Mecella and Allar Soo},
  title         = {Automated Discovery of Process Models from Event Logs:
                  Review and Benchmark},
  journal       = {CoRR},
  year          = {2017},
  volume        = {abs/1705.02288},
  url           = {http://arxiv.org/abs/1705.02288},
  archiveprefix = {arXiv}
}

@Article{         Abiteboul.etal/ATDS2012:ComparingWorkflowSpecificationLanguagesMatterofViews,
  author        = {Serge Abiteboul and Pierre Bourhis and Victor Vianu},
  title         = {Comparing workflow specification languages: {A} matter of
                  views},
  journal       = {{ACM} Trans. Database Syst.},
  volume        = {37},
  number        = {2},
  pages         = {10:1--10:59},
  year          = {2012},
  doi           = {10.1145/2188349.2188352}
}

@Article{         Casati.etal/ATDS1999:SpecificationandImplementationofExceptionsinWfMS,
  author        = {Fabio Casati and Stefano Ceri and Stefano Paraboschi and
                  Giuseppe Pozzi},
  title         = {Specification and Implementation of Exceptions in Workflow
                  Management Systems},
  journal       = {{ACM} Trans. Database Syst.},
  year          = {1999},
  volume        = {24},
  number        = {3},
  pages         = {405--451},
  doi           = {10.1145/328939.328996}
}

@Article{         Schuldt.etal/ATDS2002:AtomicityIsolationforTransactionalProcesses,
  author        = {Heiko Schuldt and Gustavo Alonso and Catriel Beeri and
                  Hans{-}J{\"{o}}rg Schek},
  title         = {Atomicity and isolation for transactional processes},
  journal       = {{ACM} Trans. Database Syst.},
  year          = {2002},
  volume        = {27},
  number        = {1},
  pages         = {63--116}
}

@InProceedings{   Satyal.etal/BPM2017:ABBPM,
  author        = {Suhrid Satyal and Ingo Weber and Hye{-}young Paik and Di
                  Ciccio, Claudio and Jan Mendling},
  title         = {{AB-BPM:} Performance-Driven Instance Routing for Business
                  Process Improvement},
  booktitle     = {BPM},
  year          = {2017},
  pages         = {113--129},
  volume        = {10445},
  doi           = {10.1007/978-3-319-65000-5_7},
  series        = {Lecture Notes in Computer Science},
  publisher     = {Springer},
  isbn          = {978-3-319-64999-3}
}

@Misc{            teinemaa2015bpic,
  title         = {{BPIC} 2015: Diagnostics of Building Permit Application
                  Process in Dutch Municipalities},
  author        = {Teinemaa, Irene and Leontjeva, Anna and Masing,
                  Karl-Oskar},
  howpublished  = {BPI Challenge Report},
  volume        = {72},
  year          = {2015}
}

@Article{         Chechik.etal/ACMTOSEM2003:MultiValuedSymbolicModelChecking,
  author        = {Marsha Chechik and Benet Devereux and Steve M. Easterbrook
                  and Arie Gurfinkel},
  title         = {Multi-Valued Symbolic Model-Checking},
  journal       = {ACM Trans. Softw. Eng. Methodol.},
  year          = {2003},
  volume        = {12},
  number        = {4},
  pages         = {371-408},
  doi           = {10.1145/990010.990011}
}

@InProceedings{   Chechik.etal/FME2001:ModelCheckingoverMultivaluedLogics,
  author        = {Marsha Chechik and Steve M. Easterbrook and Victor
                  Petrovykh},
  title         = {Model-Checking over Multi-valued Logics},
  booktitle     = {FME},
  year          = {2001},
  pages         = {72-98},
  volume        = {2021},
  doi           = {10.1007/3-540-45251-6\_5},
  series        = {Lecture Notes in Computer Science},
  publisher     = {Springer},
  isbn          = {3-540-41791-5}
}

@InProceedings{   Cerrito.etal/LPAR1999:FirstOrderLinearTemporalLogicoverFiniteTimeStructures,
  author        = {Serenella Cerrito and Marta Cialdea Mayer and
                  S{\'{e}}bastien Praud},
  title         = {First Order Linear Temporal Logic over Finite Time
                  Structures},
  booktitle     = {LPAR},
  year          = {1999},
  pages         = {62--76},
  series        = {Lecture Notes in Computer Science},
  doi           = {10.1007/3-540-48242-3\_5},
  volume        = {1705},
  publisher     = {Springer},
  isbn          = {3-540-66492-0}
}

@Article{         Chomicki.etal/ATDS2001:QueryingATSQLDatabaseswithTemporalLogic,
  author        = {Chomicki, Jan and Toman, David and B\"{o}hlen, Michael H.},
  title         = {Querying ATSQL Databases with Temporal Logic},
  journal       = {ACM Trans. Database Syst.},
  year          = {2001},
  volume        = {26},
  number        = {2},
  pages         = {145--178},
  issn          = {0362-5915},
  doi           = {10.1145/383891.383892},
  publisher     = {ACM}
}

@InProceedings{   Aalst.Pesic/WSFM06:DecSerFlow,
  author        = {Wil M. P. van der Aalst and Maja Pesic},
  title         = {{DecSerFlow}: Towards a Truly Declarative Service Flow
                  Language},
  booktitle     = {WS-FM},
  year          = {2006},
  pages         = {1-23},
  doi           = {10.1007/11841197\_1},
  publisher     = {Springer},
  series        = {Lecture Notes in Computer Science},
  volume        = {4184},
  isbn          = {3-540-38862-1}
}

@InProceedings{   Abiteboul.etal/PODS1996:TemporalVersusFOLtoQueryTemporalDatabases,
  author        = {Serge Abiteboul and Laurent Herr and Jan Van den Bussche},
  title         = {Temporal Versus First-Order Logic to Query Temporal
                  Databases},
  booktitle     = {PODS},
  year          = {1996},
  pages         = {49--57},
  doi           = {10.1145/237661.237674},
  publisher     = {{ACM} Press},
  isbn          = {0-89791-781-2}
}

@InProceedings{   DiCiccio.Mecella/BIS2012:MiningConstraintsArtfulProcesses,
  title         = {Mining Constraints for Artful Processes},
  author        = {Di Ciccio, Claudio and Mecella, Massimo},
  booktitle     = {BIS},
  year          = {2012},
  pages         = {11-23},
  publisher     = {Springer},
  doi           = {10.1007/978-3-642-30359-3_2}
}

@InProceedings{   DiCiccio.Mecella/CIDM2013:TwoStepFast,
  title         = {A Two-Step Fast Algorithm for the Automated Discovery of
                  Declarative Workflows},
  author        = {Di Ciccio, Claudio and Mecella, Massimo},
  booktitle     = {CIDM},
  year          = {2013},
  pages         = {135-142},
  publisher     = {IEEE},
  doi           = {10.1109/CIDM.2013.6597228}
}

@InProceedings{   DBLP:conf/bpm/CiccioMM14,
  author        = {Claudio Di Ciccio and Fabrizio Maria Maggi and Jan
                  Mendling},
  title         = {Discovering Target-Branched Declare Constraints},
  booktitle     = {Business Process Management - 12th International
                  Conference, {BPM} 2014, Haifa, Israel, September 7-11,
                  2014. Proceedings},
  pages         = {34--50},
  year          = {2014}
}

@InProceedings{   Bellodi.etal/CILC2010:ProbabilisticLogicBasedProM,
  title         = {Probabilistic Logic-Based Process Mining},
  author        = {Elena Bellodi and Fabrizio Riguzzi and Evelina Lamma},
  booktitle     = {CILC},
  year          = {2010},
  series        = {{CEUR} Workshop Proceedings},
  url           = {http://ceur-ws.org/Vol-598/paper17.pdf},
  volume        = {598},
  publisher     = {CEUR-WS.org},
  urn           = {urn:nbn:de:0074-598-1}
}

@InProceedings{   Lamma.etal/BPM2007:InducingDeclarativeLogic,
  author        = {Evelina Lamma and Paola Mello and Marco Montali and
                  Fabrizio Riguzzi and Sergio Storari},
  title         = {Inducing Declarative Logic-Based Models from Labeled
                  Traces},
  booktitle     = {BPM},
  year          = {2007},
  pages         = {344-359},
  doi           = {10.1007/978-3-540-75183-0_25},
  series        = {Lecture Notes in Computer Science},
  volume        = {4714},
  publisher     = {Springer},
  isbn          = {978-3-540-75182-3}
}

@InProceedings{   Lamma.etal/ILP2007:ApplyingInductiveLogic,
  title         = {Applying Inductive Logic Programming to Process Mining},
  author        = {Evelina Lamma and Paola Mello and Fabrizio Riguzzi and
                  Sergio Storari},
  booktitle     = {ILP},
  year          = {2007},
  pages         = {132-146},
  publisher     = {Springer},
  doi           = {10.1007/978-3-540-78469-2_16},
  series        = {Lecture Notes in Computer Science},
  volume        = {4894},
  isbn          = {978-3-540-78468-5}
}

@Article{         Richardson.Domingos/2006:Markovlogicnetworks,
  author        = {Matthew Richardson and Pedro Domingos},
  title         = {Markov logic networks},
  journal       = {Machine Learning},
  year          = {2006},
  volume        = {62},
  number        = {1-2},
  pages         = {107-136},
  doi           = {10.1007/s10994-006-5833-1}
}

@InProceedings{   Bellodi.etal/KSEM10:ProbabilisticDeclarativeProcessMining,
  title         = {Probabilistic Declarative Process Mining},
  author        = {Elena Bellodi and Fabrizio Riguzzi and Evelina Lamma},
  booktitle     = {KSEM},
  year          = {2010},
  pages         = {292-303},
  publisher     = {Springer},
  doi           = {10.1007/978-3-642-15280-1_28},
  series        = {Lecture Notes in Computer Science},
  volume        = {6291},
  isbn          = {978-3-642-15279-5}
}

@Article{         Chesani.etal/JPNOMC2009:ExploitingInductiveLogic,
  title         = {Exploiting Inductive Logic Programming Techniques for
                  Declarative Process Mining},
  author        = {Federico Chesani and Evelina Lamma and Paola Mello and
                  Marco Montali and Fabrizio Riguzzi and Sergio Storari},
  journal       = {T. Petri Nets and Other Models of Concurrency},
  year          = {2009},
  pages         = {278-295},
  volume        = {2}
}

@inproceedings{DBLP:conf/bpm/CiccioMM14,
  author    = {Claudio Di Ciccio and
               Fabrizio Maria Maggi and
               Jan Mendling},
  title     = {Discovering Target-Branched Declare Constraints},
  booktitle = {Business Process Management - 12th International Conference, {BPM}
               2014, Haifa, Israel, September 7-11, 2014. Proceedings},
  pages     = {34--50},
  year      = {2014},
}

@Article{         MAGGI2017,
  author        = {Maggi, Fabrizio Maria and Di Ciccio, Claudio and Di
                  Francescomarino, Chiara and Kala, Taavi},
  title         = {Parallel algorithms for the automated discovery of
                  declarative process models},
  journal       = {Information Systems},
  year          = {2018},
  volume        = {74},
  number        = {Part 2},
  pages         = {136--152},
  issn          = {0306-4379},
  doi           = {10.1016/j.is.2017.12.002}
}

@Article{         Leemans.etal/SoSyM2018:ScalableProcessDiscoveryandConformanceChecking,
  author        = {Leemans, Sander J. J. and Fahland, Dirk and van der Aalst,
                  Wil M. P.},
  title         = {Scalable process discovery and conformance checking},
  journal       = {Software and System Modeling},
  year          = {2018},
  volume        = {17},
  number        = {2},
  pages         = {599--631},
  issn          = {1619-1374},
  doi           = {10.1007/s10270-016-0545-x}
}

@InCollection{    Emerson/1990:TemporalandModalLogic,
  author        = {Emerson, E. Allen},
  title         = {Temporal and Modal Logic},
  booktitle     = {Handbook of Theoretical Computer Science, Volume {B:}
                  Formal Models and Sematics},
  year          = {1990},
  editor        = {van Leeuwen, Jan},
  publisher     = {MIT Press},
  isbn          = {0-444-88074-7},
  chapter       = {Volume {B:} Formal Models and Sematics},
  pages         = {995--1072},
  url           = {http://dl.acm.org/citation.cfm?id=114891.114907}
}

@InProceedings{   Deutsch.etal/PODS2004:SpecificationVerificationDataDrivenWebServices,
  author        = {Alin Deutsch and Liying Sui and Victor Vianu},
  title         = {Specification and Verification of Data-driven Web
                  Services},
  booktitle     = {PODS},
  year          = {2004},
  pages         = {71--82},
  doi           = {10.1145/1055558.1055571},
  publisher     = {{ACM}},
  isbn          = {1-58113-858-X}
}

@TechReport{      Weijters.etal/2006:ProcessMiningwiththeHeuristicsMinerAlgorithm,
  author        = {Weijters, A.J.M.M. and van der Aalst, Wil M.P. and de
                  Medeiros, Ana Karla Alves},
  title         = {Process mining with the heuristics miner-algorithm},
  institution   = {Technische Universiteit Eindhoven},
  year          = {2006},
  pages         = {1--34},
  volume        = {166}
}

@InProceedings{   Syamsiyah.etal/BPMw2017:RecurrentProcessMiningwithLiveEventData,
  author        = {Alifah Syamsiyah and Boudewijn F. van Dongen and Wil M. P.
                  van der Aalst},
  title         = {Recurrent Process Mining with Live Event Data},
  booktitle     = {Business Process Management Workshops - {BPM} 2017
                  International Workshops, Barcelona, Spain, September 10-11,
                  2017, Revised Papers},
  year          = {2017},
  pages         = {178--190},
  doi           = {10.1007/978-3-319-74030-0_13},
  volume        = {308},
  series        = {Lecture Notes in Business Information Processing},
  publisher     = {Springer},
  isbn          = {978-3-319-74029-4}
}

@InProceedings{   Khoury.etal/ISOLA2016:ExecutionTraceAnalysisUsingLTLFO,
  author        = {Rapha{\"{e}}l Khoury and Sylvain Hall{\'{e}} and Omar
                  Waldmann},
  title         = {Execution Trace Analysis Using {LTL-FO}+},
  booktitle     = {ISOLA},
  year          = {2016},
  pages         = {356--362},
  doi           = {10.1007/978-3-319-47169-3\_26},
  volume        = {9953},
  series        = {Lecture Notes in Computer Science},
  isbn          = {978-3-319-47168-6}
}

@PhDThesis{       Stolz/PhD2007:Temporalassertionsforsequentialandconcurrentprograms,
  author        = {Volker Stolz},
  title         = {Temporal assertions for sequential and concurrent
                  programs},
  year          = {2007},
  url           = {http://darwin.bth.rwth-aachen.de/opus3/volltexte/2007/1977/},
  school        = {{RWTH} Aachen University, Germany},
  urn           = {urn:nbn:de:hbz:82-opus-19771}
}

@Article{         Stolz/JLogComput2010:TemporalAssertionswithParametrizedPropositions,
  author        = {Volker Stolz},
  title         = {Temporal Assertions with Parametrized Propositions},
  journal       = {J. Log. Comput.},
  year          = {2010},
  volume        = {20},
  number        = {3},
  pages         = {743--757},
  doi           = {10.1093/logcom/exn078}
}

@InProceedings{   Gries/Langmaack1999:MonotonicityinCalculational,
  author        = {David Gries},
  title         = {Monotonicity in Calculational Proofs},
  booktitle     = {Correct System Design, Recent Insight and Advances, (to
                  Hans Langmaack on the occasion of his retirement from his
                  professorship at the University of Kiel)},
  year          = {1999},
  pages         = {79--85},
  doi           = {10.1007/3-540-48092-7\_4},
  publisher     = {Springer},
  series        = {Lecture Notes in Computer Science},
  volume        = {1710},
  isbn          = {3-540-66624-9}
}

@Article{         Burch.etal/IC1992:SymbolicModelChecking,
  author        = {Jerry R. Burch and Edmund M. Clarke and Kenneth L.
                  McMillan and David L. Dill and L. J. Hwang},
  title         = {Symbolic Model Checking: $10^{20}$ States and Beyond},
  journal       = {Inf. Comput.},
  year          = {1992},
  volume        = {98},
  number        = {2},
  pages         = {142--170},
  doi           = {10.1016/0890-5401(92)90017-A}
}

@InProceedings{   Sturm.etal/BPMDemos2017:DistributedMulti-PerspectiveDeclareDiscovery,
  author        = {Sturm, Christian and Sch{\"{o}}nig, Stefan and Di Ciccio,
                  Claudio},
  title         = {Distributed Multi-Perspective Declare Discovery},
  booktitle     = {BPM (Demos)},
  year          = {2017},
  volume        = {1920},
  url           = {http://ceur-ws.org/Vol-1920/BPM_2017_paper_194.pdf},
  series        = {{CEUR} Workshop Proceedings},
  publisher     = {CEUR-WS.org}
}

@InProceedings{   Wilke/STACS1999:ClassifyingDiscreteTemporalProperties,
  author        = {Thomas Wilke},
  title         = {Classifying Discrete Temporal Properties},
  booktitle     = {STACS},
  year          = {1999},
  pages         = {32--46},
  doi           = {10.1007/3-540-49116-3\_3},
  volume        = {1563},
  series        = {Lecture Notes in Computer Science},
  publisher     = {Springer}
}

@InProceedings{   DeGiacomo.Vardi/IJCAI2013:LinearTemporalLogic,
  author        = {De Giacomo, Giuseppe and Moshe Y. Vardi},
  title         = {Linear Temporal Logic and Linear Dynamic Logic on Finite
                  Traces},
  booktitle     = {IJCAI},
  year          = {2013},
  pages         = {854--860},
  url           = {http://www.aaai.org/ocs/index.php/IJCAI/IJCAI13/paper/view/6997},
  publisher     = {{IJCAI/AAAI}},
  isbn          = {978-1-57735-633-2}
}

@Article{         VanLooy2016,
  author        = {Van Looy, Amy and Shafagatova, Aygun},
  title         = {Business process performance measurement: a structured
                  literature review of indicators, measures and metrics},
  journal       = {SpringerPlus},
  year          = {2016},
  volume        = {5},
  number        = {1},
  pages         = {1797},
  issn          = {2193-1801},
  doi           = {10.1186/s40064-016-3498-1},
  day           = {18}
}

@InProceedings{   DBLP:conf/aiccsa/ZakiAE15,
  author        = {Nesma M. Zaki and Ahmed Awad and Ehab Ezat},
  title         = {Extracting accurate performance indicators from execution
                  logs using process models},
  booktitle     = {12th {IEEE/ACS} International Conference of Computer
                  Systems and Applications, {AICCSA} 2015, Marrakech,
                  Morocco, November 17-20, 2015},
  pages         = {1--8},
  year          = {2015},
  publisher     = {{IEEE}},
  doi           = {10.1109/AICCSA.2015.7507173},
  isbn          = {978-1-5090-0478-2}
}

@InProceedings{   Verbeek.etal/CAiSEForum2010:XESXESameProM,
  author        = {H. M. W. Verbeek and Joos C. A. M. Buijs and Boudewijn F.
                  van Dongen and Wil M. P. van der Aalst},
  title         = {{XES}, {XES}ame, and {P}ro{M} 6},
  booktitle     = {Information Systems Evolution - CAiSE Forum 2010, Selected
                  Extended Papers},
  year          = {2010},
  pages         = {60--75},
  doi           = {10.1007/978-3-642-17722-4\_5},
  series        = {Lecture Notes in Business Information Processing},
  volume        = {72},
  publisher     = {Springer},
  isbn          = {978-3-642-17721-7}
}

@InProceedings{   Baier.etal/SAC2015:Matchingeventsandactivities,
  author        = {Thomas Baier and Andreas Rogge{-}Solti and Jan Mendling
                  and Mathias Weske},
  title         = {Matching of events and activities: an approach based on
                  behavioral constraint satisfaction},
  booktitle     = {SAC},
  year          = {2015},
  pages         = {1225--1230},
  doi           = {10.1145/2695664.2699491},
  publisher     = {{ACM}},
  isbn          = {978-1-4503-3196-8}
}

@InProceedings{   Baier.etal/BPMDS2015:MatchingEventsActivities,
  author        = {Thomas Baier and Claudio {Di Ciccio} and Jan Mendling and
                  Mathias Weske},
  title         = {Matching of Events and Activities - An Approach Using
                  Declarative Modeling Constraints},
  booktitle     = {BPMDS/EMMSAD},
  year          = {2015},
  pages         = {119--134},
  volume        = {214},
  doi           = {10.1007/978-3-319-19237-6\_8},
  series        = {Lecture Notes in Business Information Processing},
  publisher     = {Springer},
  isbn          = {978-3-319-19236-9}
}

@Article{         Baier.etal/SoSyM2017:MatchingeventsactivitiesBehaviorlabel,
  author        = {Baier, Thomas and Di Ciccio, Claudio and Mendling, Jan and
                  Weske, Mathias},
  title         = {Matching events and activities by integrating behavioral
                  aspects and label analysis},
  journal       = {Software {\&} Systems Modeling},
  year          = {2017},
  pages         = {1--26},
  issn          = {1619-1366},
  doi           = {10.1007/s10270-017-0603-z}
}

@InProceedings{   Maggi.etal/BPM2013:DiscoveringDataAware,
  title         = {Discovering Data-Aware Declarative Process Models from
                  Event Logs},
  author        = {Fabrizio Maria Maggi and Marlon Dumas and Luciano
                  Garc\'{\i}a-Ba{\~n}uelos and Marco Montali},
  booktitle     = {BPM},
  year          = {2013},
  pages         = {81-96},
  publisher     = {Springer},
  doi           = {10.1007/978-3-642-40176-3_8},
  series        = {Lecture Notes in Computer Science},
  volume        = {8094},
  isbn          = {978-3-642-40175-6}
}

@InProceedings{   MontaliChesaniEtAl/SAC2013:TowardsdataawareDeclare,
  title         = {Towards data-aware constraints in {D}eclare},
  author        = {Marco Montali and Federico Chesani and Paola Mello and
                  Fabrizio Maria Maggi},
  booktitle     = {SAC},
  year          = {2013},
  pages         = {1391-1396},
  publisher     = {ACM},
  doi           = {10.1145/2480362.2480624},
  isbn          = {978-1-4503-1656-9}
}

@InProceedings{   DeGiacomo.etal/AAAI2014:ReasoningLTLFinite,
  author        = {De Giacomo, Giuseppe and De Masellis, Riccardo and
                  Montali, Marco},
  title         = {Reasoning on {LTL} on Finite Traces: Insensitivity to
                  Infiniteness},
  booktitle     = {AAAI},
  year          = {2014},
  pages         = {1027--1033},
  publisher     = {{AAAI} Press},
  url           = {http://www.aaai.org/ocs/index.php/AAAI/AAAI14/paper/view/8575},
  isbn          = {978-1-57735-661-5}
}

@InProceedings{   Schwendimann/TABLEAUX1998:ANewOnePassTableauCalculusforPLTL,
  author        = {Stefan Schwendimann},
  title         = {A New One-Pass Tableau Calculus for {PLTL}},
  booktitle     = {TABLEAUX},
  year          = {1998},
  pages         = {277--292},
  doi           = {10.1007/3-540-69778-0\_28},
  series        = {Lecture Notes in Computer Science},
  volume        = {1397},
  publisher     = {Springer},
  isbn          = {3-540-64406-7}
}

@Article{         burattin2016conformance,
  title         = {Conformance checking based on multi-perspective
                  declarative process models},
  author        = {Burattin, Andrea and Maggi, Fabrizio M and Sperduti,
                  Alessandro},
  journal       = {Expert Systems with Applications},
  volume        = {65},
  pages         = {194--211},
  year          = {2016},
  publisher     = {Elsevier}
}

@Article{         DBLP:journals/dss/SchonigCJM16,
  author        = {Stefan Sch{\"{o}}nig and Cristina Cabanillas and Stefan
                  Jablonski and Jan Mendling},
  title         = {A framework for efficiently mining the organisational
                  perspective of business processes},
  journal       = {Decision Support Systems},
  doi           = {10.1016/j.dss.2016.06.012},
  volume        = {89},
  pages         = {87--97},
  year          = {2016}
}

@Article{         Polyvyanyy.etal/DSS2017:Processquerying,
  author        = {Artem Polyvyanyy and Chun Ouyang and Alistair Barros and
                  Wil M. P. van der Aalst},
  title         = {Process querying: Enabling business intelligence through
                  query-based process analytics},
  journal       = {Decision Support Systems},
  year          = {2017},
  volume        = {100},
  pages         = {41--56},
  doi           = {10.1016/j.dss.2017.04.011}
}

@InProceedings{   burattin2012,
  author        = {Andrea Burattin and Fabrizio Maria Maggi and Wil M. P. van
                  der Aalst and Alessandro Sperduti},
  title         = {Techniques for a Posteriori Analysis of Declarative
                  Processes},
  booktitle     = {16th {IEEE} International Enterprise Distributed Object
                  Computing Conference, {EDOC} 2012, Beijing, China,
                  September 10-14, 2012},
  pages         = {41--50},
  year          = {2012},
  publisher     = {{IEEE} Computer Society},
  doi           = {10.1109/EDOC.2012.15},
  isbn          = {978-1-4673-2444-1}
}

@Article{         Montali2010:choreographies,
  author        = {Marco Montali and Maja Pesic and Wil M. P. van der Aalst
                  and Federico Chesani and Paola Mello and Sergio Storari},
  title         = {Declarative specification and verification of service
                  choreographiess},
  journal       = {{TWEB}},
  volume        = {4},
  number        = {1},
  pages         = {3:1--3:62},
  year          = {2010},
  doi           = {10.1145/1658373.1658376}
}

@InProceedings{   icsocSchoenig2016,
  author        = {Sch{\"{o}}nig, Stefan and Di Ciccio, Claudio and Maggi,
                  Fabrizio Maria and Mendling, Jan},
  title         = {Discovery of Multi-perspective Declarative Process
                  Models},
  booktitle     = {ICSOC},
  year          = {2016},
  pages         = {87--103},
  volume        = {9936},
  doi           = {10.1007/978-3-319-46295-0_6},
  series        = {Lecture Notes in Computer Science},
  publisher     = {Springer},
  isbn          = {978-3-319-46294-3}
}

@Article{         kupf:vacu03,
  author        = {Orna Kupferman and Moshe Y. Vardi},
  title         = {Vacuity Detection in Temporal Model Checking},
  journal       = {International Journal on Software Tools for Technology
                  Transfer},
  year          = {2003},
  volume        = {4},
  number        = {2},
  doi           = {10.1007/s100090100062},
  pages         = {224--233}
}

@InProceedings{   russell_workflow_2005,
  author        = {Nick Russell and Wil M. P. van der Aalst and Arthur H. M.
                  ter Hofstede and David Edmond},
  title         = {Workflow Resource Patterns: Identification, Representation
                  and Tool Support},
  booktitle     = {CAiSE},
  pages         = {216--232},
  year          = {2005},
  series        = {Lecture Notes in Computer Science},
  doi           = {10.1007/11431855\_16},
  volume        = {3520},
  publisher     = {Springer},
  isbn          = {3-540-26095-1}
}

@Article{         VanderAalst2009,
  author        = {van der Aalst, Wil and Pesic, Maja and Schonenberg,
                  Helen},
  title         = {Declarative workflows: Balancing between flexibility and
                  support},
  journal       = {Computer Science - Research and Development},
  year          = {2009},
  volume        = {23},
  pages         = {99--113},
  number        = {2}
}

@InProceedings{   pesic2006declarative,
  title         = {A declarative approach for flexible business processes
                  management},
  author        = {Pesic, Maja and Van der Aalst, Wil},
  booktitle     = {BPM Workshops},
  pages         = {169--180},
  year          = {2006},
  organization  = {Springer},
  doi           = {10.1007/s00450-009-0057-9}
}

@Article{         hildebrandt2013contracts,
  title         = {Contracts for cross-organizational workflows as timed
                  dynamic condition response graphs},
  author        = {Hildebrandt, Thomas and Mukkamala, Raghava Rao and Slaats,
                  Tijs and Zanitti, Francesco},
  journal       = {The Journal of Logic and Algebraic Programming},
  volume        = {82},
  number        = {5},
  pages         = {164--185},
  year          = {2013},
  publisher     = {Elsevier},
  doi           = {10.1016/j.jlap.2013.05.005}
}

@InProceedings{   Maggi.etal/CAiSE2012:EfficientDiscoveryUnderstandable,
  author        = {Fabrizio Maria Maggi and R. P. Jagadeesh Chandra Bose and
                  Wil M. P. van der Aalst},
  title         = {Efficient Discovery of Understandable Declarative Process
                  Models from Event Logs},
  booktitle     = {CAiSE},
  year          = {2012},
  pages         = {270-285},
  doi           = {10.1007/978-3-642-31095-9_18},
  publisher     = {Springer},
  series        = {Lecture Notes in Computer Science},
  volume        = {7328},
  isbn          = {978-3-642-31094-2}
}

@Article{         Alberti.etal/ACMTCL2008:SCIFF,
  author        = {Marco Alberti and Federico Chesani and Marco Gavanelli and
                  Evelina Lamma and Paola Mello and Paolo Torroni},
  title         = {Verifiable agent interaction in abductive logic
                  programming: The {SCIFF} framework},
  journal       = {ACM Trans. Comput. Log.},
  year          = {2008},
  volume        = {9},
  number        = {4},
  pages         = {29:1--29:43},
  doi           = {10.1145/1380572.1380578}
}

@InProceedings{   Bose2013,
  author        = {Bose, Jagadeesh Chandra and Maggi, Fabrizio Maria and van
                  der Aalst, Wil},
  title         = {Enhancing Declare Maps Based on Event Correlations},
  booktitle     = {BPM},
  year          = {2013},
  pages         = {97--112},
  publisher     = {Springer},
  doi           = {10.1007/978-3-642-40176-3\_9},
  series        = {Lecture Notes in Computer Science},
  volume        = {8094},
  isbn          = {978-3-642-40175-6}
}

@InProceedings{   Fahland2009,
  author        = {Fahland, Dirk and L\"{u}bke, Daniel and Mendling, Jan and
                  Reijers, Hajo and Weber, Barbara and Weidlich, Matthias and
                  Zugal, Stefan},
  title         = {Declarative versus imperative process modeling languages:
                  The issue of understandability},
  booktitle     = {Enterprise, Business-Process and Information Systems
                  Modeling},
  doi           = {10.1007/978-3-642-01862-6\_29},
  year          = {2009},
  pages         = {353--366},
  series        = {Lecture Notes in Business Information Processing},
  volume        = {29},
  publisher     = {Springer},
  isbn          = {978-3-642-01861-9}
}

@Article{         Hildebrandt2011,
  author        = {Hildebrandt, Thomas and Mukkamala, Raghava Rao},
  title         = {Declarative Event-Based Workflow as Distributed Dynamic
                  Condition Response Graphs},
  journal       = {Electronic Proceedings in Theoretical Computer Science},
  year          = {2011},
  volume        = {69},
  pages         = {59--73},
  doi           = {10.4204/EPTCS.69.5},
  issn          = {2075-2180}
}

@InProceedings{   maggi2013declarative,
  author        = {Maggi, Fabrizio Maria},
  title         = {Declarative Process Mining with the Declare Component of
                  {ProM}},
  booktitle     = {BPM (Demos)},
  year          = {2013},
  series        = {{CEUR} Workshop Proceedings},
  url           = {http://ceur-ws.org/Vol-1021/paper\_8.pdf},
  volume        = {1021},
  publisher     = {CEUR-WS.org},
  urn           = {urn:nbn:de:0074-1021-0}
}

@InProceedings{   Maggi2013,
  author        = {Maggi, Fabrizio Maria and Bose, Jagadeesh Chandra and van
                  der Aalst, Wil},
  title         = {{A Knowledge-Based Integrated Approach for Discovering and
                  Repairing Declare Maps}},
  booktitle     = {CAiSE},
  year          = {2013},
  pages         = {433--448},
  series        = {Lecture Notes in Computer Science},
  doi           = {10.1007/978-3-642-38709-8\_28},
  volume        = {7908},
  publisher     = {Springer},
  isbn          = {978-3-642-38708-1}
}

@InProceedings{   DBLP:conf/otm/RaimCMMM14,
  author        = {Margus R{\"{a}}im and Claudio {Di Ciccio} and Fabrizio
                  Maria Maggi and Massimo Mecella and Jan Mendling},
  title         = {Log-Based Understanding of Business Processes through
                  Temporal Logic Query Checking},
  booktitle     = {OTM},
  pages         = {75--92},
  year          = {2014},
  series        = {Lecture Notes in Computer Science},
  doi           = {10.1007/978-3-662-45563-0\_5},
  volume        = {8841},
  publisher     = {Springer},
  isbn          = {978-3-662-45562-3}
}

@Article{         DBLP:journals/cii/SmirnovWMW12,
  author        = {Sergey Smirnov and Matthias Weidlich and Jan Mendling and
                  Mathias Weske},
  title         = {Action patterns in business process model repositories},
  journal       = {Computers in Industry},
  volume        = {63},
  number        = {2},
  pages         = {98--111},
  year          = {2012},
  doi           = {10.1016/j.compind.2011.11.001}
}

@Article{         DBLP:journals/is/WeidlichPDMW11,
  author        = {Matthias Weidlich and Artem Polyvyanyy and Nirmit Desai
                  and Jan Mendling and Mathias Weske},
  title         = {Process compliance analysis based on behavioural
                  profiles},
  journal       = {Inf. Syst.},
  volume        = {36},
  number        = {7},
  pages         = {1009--1025},
  year          = {2011},
  doi           = {10.1016/j.is.2011.04.002}
}

@Article{         aalst2015processes,
  title         = {Processes Meet Big Data: Connecting Data Science with
                  Process Science},
  author        = {van der Aalst, Wil and Damiani, Ernesto},
  journal       = {{IEEE} Trans. Services Computing},
  volume        = {8},
  number        = {6},
  pages         = {810--819},
  year          = {2015},
  doi           = {10.1109/TSC.2015.2493732},
  publisher     = {IEEE}
}

@InCollection{    van2013process,
  title         = {Process cubes: Slicing, dicing, rolling up and drilling
                  down event data for process mining},
  author        = {van der Aalst, Wil},
  booktitle     = {Asia Pacific Business Process Management},
  pages         = {1--22},
  year          = {2013},
  publisher     = {Springer},
  series        = {Lecture Notes in Business Information Processing},
  doi           = {10.1007/978-3-319-02922-1\_1},
  volume        = {159},
  isbn          = {978-3-319-02921-4}
}

@InProceedings{   CiccioSLM15,
  author        = {Claudio {Di Ciccio} and Mitchel H. M. Schouten and
                  Massimiliano de Leoni and Jan Mendling},
  title         = {Declarative Process Discovery with MINERful in {ProM}},
  booktitle     = {BPM Demos},
  pages         = {60--64},
  year          = {2015},
  series        = {{CEUR} Workshop Proceedings},
  url           = {http://ceur-ws.org/Vol-1418/paper13.pdf},
  volume        = {1418},
  publisher     = {CEUR-WS.org},
  urn           = {urn:nbn:de:0074-1418-4}
}

@InProceedings{   DBLP:conf/bpm/SchonigZ15,
  author        = {Stefan Sch{\"{o}}nig and Michael Zeising},
  title         = {The {DPIL} Framework: Tool Support for Agile and
                  Resource-Aware Business Processes},
  booktitle     = {BPM Demos},
  pages         = {125--129},
  year          = {2015},
  url           = {http://ceur-ws.org/Vol-1418/paper26.pdf},
  series        = {{CEUR} Workshop Proceedings},
  volume        = {1418},
  publisher     = {CEUR-WS.org},
  urn           = {urn:nbn:de:0074-1418-4}
}

@Article{         DBLP:journals/is/CiccioMM16,
  author        = {Claudio {Di Ciccio} and Fabrizio Maria Maggi and Jan
                  Mendling},
  title         = {Efficient discovery of Target-Branched Declare
                  constraints},
  journal       = {Inf. Syst.},
  volume        = {56},
  pages         = {258--283},
  year          = {2016},
  doi           = {10.1016/j.is.2015.06.009}
}

@Article{         DBLP:journals/tse/WeidlichMW11,
  author        = {Matthias Weidlich and Jan Mendling and Mathias Weske},
  title         = {Efficient Consistency Measurement Based on Behavioral
                  Profiles of Process Models},
  journal       = {{IEEE} Trans. Software Eng.},
  volume        = {37},
  number        = {3},
  pages         = {410--429},
  year          = {2011},
  doi           = {10.1109/TSE.2010.96}
}

@Article{         DBLP:journals/datamine/WenAWS07,
  author        = {Lijie Wen and Wil van der Aalst and Jianmin Wang and
                  Jiaguang Sun},
  title         = {Mining process models with non-free-choice constructs},
  journal       = {Data Min. Knowl. Discov.},
  volume        = {15},
  number        = {2},
  pages         = {145--180},
  year          = {2007},
  doi           = {10.1007/s10618-007-0065-y}
}

@InProceedings{   DeMasellis.etal/ICSSP2014:Monitoringdataawarebusinessconstraintswithfinitestateautomata,
  author        = {De Masellis, Riccardo and Fabrizio Maria Maggi and Marco
                  Montali},
  title         = {Monitoring data-aware business constraints with finite
                  state automata},
  booktitle     = {ICSSP},
  year          = {2014},
  pages         = {134--143},
  doi           = {10.1145/2600821.2600835},
  publisher     = {{ACM}},
  isbn          = {978-1-4503-2754-1}
}

@Article{         Lanz.etal/IS2016:ProcesstimepatternsFormalfoundation,
  author        = {Andreas Lanz and Manfred Reichert and Barbara Weber},
  title         = {Process time patterns: {A} formal foundation},
  journal       = {Inf. Syst.},
  year          = {2016},
  volume        = {57},
  pages         = {38--68},
  doi           = {10.1016/j.is.2015.10.002}
}

@InProceedings{   DBLP:conf/ilp/LammaMRS07,
  author        = {Evelina Lamma and Paola Mello and Fabrizio Riguzzi and
                  Sergio Storari},
  title         = {Applying Inductive Logic Programming to Process Mining},
  booktitle     = {Inductive Logic Programming, Revised Selected Papers},
  pages         = {132--146},
  year          = {2007}
}

@InProceedings{   DBLP:conf/bir/Maggi14,
  author        = {Fabrizio Maria Maggi},
  title         = {Discovering Metric Temporal Business Constraints from
                  Event Logs},
  booktitle     = {BIR},
  pages         = {261--275},
  year          = {2014},
  series        = {Lecture Notes in Business Information Processing},
  doi           = {10.1007/978-3-319-11370-8\_19},
  volume        = {194},
  publisher     = {Springer},
  isbn          = {978-3-319-11369-2}
}

@Article{         Chesani2009:Mining,
  title         = {Exploiting Inductive Logic Programming Techniques for
                  Declarative Process Mining},
  journal       = {Trans. Petri Nets and Other Models of Concurrency},
  volume        = {2},
  year          = {2009},
  pages         = {278-295},
  author        = {F. Chesani and E. Lamma and P. Mello and M. Montali and F.
                  Riguzzi and S. Storari},
  doi           = {10.1007/978-3-642-00899-3\_16}
}

@article{DBLP:journals/tsc/BurattinCMS15,
  author    = {Andrea Burattin and
               Marta Cimitile and
               Fabrizio Maria Maggi and
               Alessandro Sperduti},
  title     = {Online Discovery of Declarative Process Models from Event Streams},
  journal   = {{IEEE} Trans. Services Computing},
  volume    = {8},
  number    = {6},
  pages     = {833--846},
  year      = {2015},
}

@article{DBLP:journals/eis/MaggiW17,
  author    = {Fabrizio Maria Maggi and
               Michael Westergaard},
  title     = {Designing software for operational decision support through coloured
               Petri nets},
  journal   = {Enterprise {IS}},
  volume    = {11},
  number    = {5},
  pages     = {576--596},
  year      = {2017},
}

@inproceedings{DBLP:conf/bpm/SkydanienkoFGM18,
  author    = {Vasyl Skydanienko and
               Chiara Di Francescomarino and
               Chiara Ghidini and
               Fabrizio Maria Maggi},
  title     = {A Tool for Generating Event Logs from Multi-Perspective Declare Models},
  booktitle = {Proceedings of the Dissertation Award, Demonstration, and Industrial
               Track at {BPM} 2018 co-located with 16th International Conference
               on Business Process Management {(BPM} 2018), Sydney, Australia, September
               9-14, 2018.},
  pages     = {111--115},
  year      = {2018},
}

@inproceedings{DBLP:conf/cilc/ChesaniFGLMMMST19,
  author    = {Federico Chesani and
               Chiara Di Francescomarino and
               Chiara Ghidini and
               Daniela Loreti and
               Fabrizio Maria Maggi and
               Paola Mello and
               Marco Montali and
               Vasyl Skydanienko and
               Sergio Tessaris},
  title     = {Towards the Generation of the "Perfect" Log Using Abductive Logic
               Programming},
  booktitle = {Proceedings of the 34th Italian Conference on Computational Logic,
               Trieste, Italy, June 19-21, 2019.},
  pages     = {179--192},
  year      = {2019},
}

@inproceedings{DBLP:conf/edoc/Bhat19,
  author    = {Fabrizio Maria Maggi and
               Marco Montali and
               Ubaier Bhat},
  title     = {Compliance Monitoring of Multi-Perspective Declarative Process Models},
  booktitle = {23rd {IEEE} International Enterprise Distributed Object Computing
               Conference, {EDOC} 2019, Paris, France, October 28-31, 2019},
  pages     = {41--50},
  year      = {2019},
}

@InProceedings{   DBLP:conf/otm/WestergaardM12,
  author        = {Michael Westergaard and Fabrizio Maria Maggi},
  title         = {Looking into the Future: Using Timed Automata to Provide A
                  Priori Advice about Timed Declarative Process Models},
  year          = {2012},
  pages         = {250-267},
  volume        = {7565},
  booktitle     = {OTM},
  doi           = {10.1007/978-3-642-33606-5\_16},
  series        = {Lecture Notes in Computer Science},
  publisher     = {Springer},
  isbn          = {978-3-642-33605-8}
}

@InProceedings{   schoenig2016,
  author        = {Stefan Sch{\"{o}}nig and Andreas Rogge{-}Solti and
                  Cristina Cabanillas and Stefan Jablonski and Jan Mendling},
  title         = {Efficient and Customisable Declarative Process Mining with
                  {SQL}},
  booktitle     = {CAiSE},
  year          = {2016},
  pages         = {290--305},
  doi           = {10.1007/978-3-319-39696-5\_18},
  volume        = {9694},
  series        = {Lecture Notes in Computer Science},
  publisher     = {Springer},
  isbn          = {978-3-319-39695-8}
}

@Article{         Westergaard2013,
  author        = {Westergaard, Michael and Stahl, Christian and Reijers,
                  Hajo},
  title         = {Unconstrained{M}iner: Efficient Discovery of Generalized
                  Declarative Process Models},
  journal       = {BPM Center Report, No. BPM-13-28},
  year          = {2013}
}

@InProceedings{   zeising2014towards,
  author        = {Zeising, Michael and Sch{\"o}nig, Stefan and Jablonski,
                  Stefan},
  title         = {Towards a Common Platform for the Support of Routine and
                  Agile Business Processes},
  booktitle     = {Collaborative Computing: Networking, Applications and
                  Worksharing},
  pages         = {94--103},
  year          = {2014},
  publisher     = {{ICST} / {IEEE}},
  doi           = {10.4108/icst.collaboratecom.2014.257269},
  isbn          = {978-1-63190-043-3}
}

@InProceedings{   relationalXES,
  author        = {Boudewijn F. van Dongen and Shiva Shabani},
  title         = {Relational {XES:} Data Management for Process Mining},
  booktitle     = {CAiSE Forum},
  pages         = {169--176},
  series        = {{CEUR} Workshop Proceedings},
  url           = {http://ceur-ws.org/Vol-1367/paper-22.pdf},
  year          = {2015},
  volume        = {1367},
  publisher     = {CEUR-WS.org},
  urn           = {urn:nbn:de:0074-1367-5}
}

@InProceedings{   DBLP:conf/bpm/CiccioMMM15,
  author        = {Claudio {Di Ciccio} and Fabrizio Maria Maggi and Marco
                  Montali and Jan Mendling},
  title         = {Ensuring Model Consistency in Declarative Process
                  Discovery},
  booktitle     = {BPM},
  pages         = {144--159},
  year          = {2015},
  series        = {Lecture Notes in Computer Science},
  doi           = {10.1007/978-3-319-23063-4\_9},
  volume        = {9253},
  publisher     = {Springer},
  isbn          = {978-3-319-23062-7}
}

@Article{         DBLP:journals/is/CiccioMMM17,
  author        = {Claudio {Di Ciccio} and Fabrizio Maria Maggi and Marco
                  Montali and Jan Mendling},
  title         = {Resolving inconsistencies and redundancies in declarative
                  process models},
  journal       = {Inf. Syst.},
  volume        = {64},
  pages         = {425--446},
  year          = {2017},
  doi           = {10.1016/j.is.2016.09.005}
}

@Article{         schoenigSQL,
  title         = {{SQL} Queries for Declarative Process Mining on Event Logs
                  of Relational Databases},
  author        = {Sch{\"o}nig, Stefan},
  journal       = {arXiv preprint arXiv:1512.00196},
  year          = {2015}
}

@Article{         CiccioM15,
  author        = {Claudio {Di Ciccio} and Massimo Mecella},
  title         = {On the Discovery of Declarative Control Flows for Artful
                  Processes},
  journal       = {{ACM} Trans. Management Inf. Syst.},
  volume        = {5},
  number        = {4},
  pages         = {24:1--24:37},
  year          = {2015},
  doi           = {10.1145/2629447}
}

@InProceedings{   schoenig2015bpmds,
  title         = {Mining the Organisational Perspective in Agile Business
                  Processes},
  author        = {Stefan Sch{\"{o}}nig and Cristina Cabanillas and Stefan
                  Jablonski and Jan Mendling},
  booktitle     = {BPMDS},
  year          = {2015},
  pages         = {37--52},
  series        = {Lecture Notes in Business Information Processing},
  doi           = {10.1007/978-3-319-19237-6\_3},
  volume        = {214},
  publisher     = {Springer},
  isbn          = {978-3-319-19236-9}
}
