
@inproceedings{MWMV11,
  author    = {Maggi, Fabrizio Maria  and
               Michael Westergaard and
               Marco Montali and
               van der Aalst, Wil M. P.},
  noeditor    = {Sarfraz Khurshid and
               Koushik Sen},
  title     = {Runtime Verification of LTL-Based Declarative Process Models},
  booktitle = {Runtime Verification - Second International Conference, {RV} 2011,
               San Francisco, CA, USA, September 27-30, 2011, Revised Selected Papers},
  series    = {LNCS},
  volume    = {7186},
  pages     = {131--146},
  publisher = {Springer},
  year      = {2011},
}


@book{Aalst/2016:ProcessMiningBook:DataScienceinAction,
  author =        {Wil M. P. van der Aalst},
  publisher =     {Springer},
  title =         {Process Mining - Data Science in Action, Second
                   Edition},
  year =          {2016},
  doi =           {10.1007/978-3-662-49851-4},
  isbn =          {978-3-662-49850-7},
}

@inproceedings{DBLP:conf/bpm/LenoDM18,
  author    = {Volodymyr Leno and
               Marlon Dumas and
               Fabrizio Maria Maggi},
  title     = {Correlating Activation and Target Conditions in Data-Aware Declarative
               Process Discovery},
  booktitle = {Business Process Management - 16th International Conference, {BPM}
               2018, Sydney, NSW, Australia, September 9-14, 2018, Proceedings},
  pages     = {176--193},
  year      = {2018},
}

@inproceedings{DBLP:conf/edoc/KalaMCF16,
  author    = {Taavi Kala and
               Fabrizio Maria Maggi and
               Claudio {Di Ciccio} and
               Chiara {Di Francescomarino}},
  title     = {Apriori and Sequence Analysis for Discovering Declarative Process
               Models},
  booktitle = {20th {IEEE} International Enterprise Distributed Object Computing
               Conference, {EDOC} 2016, Vienna, Austria, September 5-9, 2016},
  pages     = {1--9},
  year      = {2016},
}

@article{DBLP:journals/datamine/WenAWS07,
  author =        {Lijie Wen and Wil M. P. van der Aalst and Jianmin Wang and
                   Jiaguang Sun},
  journal =       {Data Min. Knowl. Discov.},
  number =        {2},
  pages =         {145--180},
  title =         {Mining process models with non-free-choice
                   constructs},
  volume =        {15},
  year =          {2007},
  doi =           {10.1007/s10618-007-0065-y},
}

@article{Leemans.etal/SoSyM2018:ScalableProcessDiscoveryandConformanceChecking,
  author =        {Leemans, Sander J. J. and Fahland, Dirk and
                   van der Aalst, Wil M. P.},
  journal =       {Software and System Modeling},
  number =        {2},
  pages =         {599--631},
  title =         {Scalable process discovery and conformance checking},
  volume =        {17},
  year =          {2018},
  doi =           {10.1007/s10270-016-0545-x},
  issn =          {1619-1374},
}

@techreport{Weijters.etal/2006:ProcessMiningwiththeHeuristicsMinerAlgorithm,
  author =        {Weijters, A.J.M.M. and van der Aalst, Wil M. P. and
                   de Medeiros, Ana Karla Alves},
  institution =   {Technische Universiteit Eindhoven},
  pages =         {1--34},
  title =         {Process mining with the heuristics miner-algorithm},
  volume =        {166},
  year =          {2006},
}

@inproceedings{Maggi2011,
  author =        {Fabrizio Maria Maggi and Arjan J. Mooij and
                   Wil M. P. van der Aalst},
  booktitle =     {CIDM},
  pages =         {192--199},
  publisher =     {{IEEE}},
  title =         {User-guided discovery of declarative process models},
  year =          {2011},
  doi =           {10.1109/CIDM.2011.5949297},
  isbn =          {978-1-4244-9925-0},
}

@inproceedings{DBLP:conf/bpm/WestergaardM11,
  author    = {Michael Westergaard and
               Fabrizio Maria Maggi},
  title     = {{Declare}: {A} Tool Suite for Declarative Workflow Modeling and Enactment},
  booktitle = {Proceedings of the Demo Track of the Nineth Conference on Business
               Process Management 2011, Clermont-Ferrand, France, August 31st, 2011},
  year      = {2011},
}

@article{CiccioM15,
  author =        {Claudio {Di Ciccio} and Massimo Mecella},
  journal =       {{ACM} Trans. Management Inf. Syst.},
  number =        {4},
  pages =         {24:1--24:37},
  title =         {On the Discovery of Declarative Controls Flows for
                   Artful Processes},
  volume =        {5},
  year =          {2015},
}

@inproceedings{Debois.etal/SAC2017:DeclarativeprocessminingforDCRgraphs,
  author =        {S{\o}ren Debois and Thomas T. Hildebrandt and
                   Paw H{\o}vsgaard Laursen and Kenneth Ry Ulrik},
  booktitle =     {SAC},
  pages =         {759--764},
  publisher =     {{ACM}},
  title =         {Declarative process mining for {DCR} graphs},
  year =          {2017},
  doi =           {10.1145/3019612.3019622},
  isbn =          {978-1-4503-4486-9},
}

@article{DBLP:journals/dss/SchonigCJM16,
  author =        {Stefan Sch{\"{o}}nig and Cristina Cabanillas and
                   Stefan Jablonski and Jan Mendling},
  journal =       {Decision Support Systems},
  pages =         {87--97},
  title =         {A framework for efficiently mining the organisational
                   perspective of business processes},
  volume =        {89},
  year =          {2016},
  doi =           {10.1016/j.dss.2016.06.012},
}

@article{DBLP:journals/is/LyMMRA15,
  author    = {Linh Thao Ly and
               Fabrizio Maria Maggi and
               Marco Montali and
               Stefanie Rinderle{-}Ma and
               Wil M. P. van der Aalst},
  title     = {Compliance monitoring in business processes: Functionalities, application,
               and tool-support},
  journal   = {Inf. Syst.},
  volume    = {54},
  pages     = {209--234},
  year      = {2015},
  url       = {https://doi.org/10.1016/j.is.2015.02.007},
  doi       = {10.1016/j.is.2015.02.007},
  timestamp = {Wed, 14 Nov 2018 10:26:47 +0100},
  biburl    = {https://dblp.org/rec/bib/journals/is/LyMMRA15},
  bibsource = {dblp computer science bibliography, https://dblp.org}
}

@book{Dumas.etal/2018:FundamentalsofBPM,
  author =        {Marlon Dumas and La Rosa, Marcello and Jan Mendling and
                   Hajo A. Reijers},
  publisher =     {Springer},
  title =         {Fundamentals of Business Process Management, Second
                   Edition},
  year =          {2018},
  doi =           {10.1007/978-3-662-56509-4},
  isbn =          {978-3-662-56508-7},
}

@book{Weske/2007:BusinessProcessManagement,
  author =        {Mathias Weske},
  publisher =     {Springer},
  title =         {Business Process Management: Concepts, Languages,
                   Architectures},
  year =          {2007},
  doi =           {10.1007/978-3-540-73522-9},
  isbn =          {978-3-540-73521-2},
}

@article{Abiteboul.etal/ATDS2012:ComparingWorkflowSpecificationLanguagesMatterofViews,
  author =        {Serge Abiteboul and Pierre Bourhis and Victor Vianu},
  journal =       {{ACM} Trans. Database Syst.},
  number =        {2},
  pages =         {10:1--10:59},
  title =         {Comparing workflow specification languages: {A}
                   matter of views},
  volume =        {37},
  year =          {2012},
  doi =           {10.1145/2188349.2188352},
}

@book{Jablonski.Bussler/1996:WorkflowManagement,
  author =        {Stefan Jablonski and Christoph Bussler},
  publisher =     {International Thomson},
  title =         {Workflow management - modeling concepts, architecture
                   and implementation},
  year =          {1996},
  isbn =          {978-1-85032-222-1},
}

@inproceedings{DBLP:conf/otm/MaggiBCS13,
  author    = {Fabrizio Maria Maggi and
               Andrea Burattin and
               Marta Cimitile and
               Alessandro Sperduti},
  title     = {Online Process Discovery to Detect Concept Drifts in LTL-Based Declarative
               Process Models},
  booktitle = {On the Move to Meaningful Internet Systems: {OTM} 2013 Conferences
               - Confederated International Conferences: CoopIS, DOA-Trusted Cloud,
               and {ODBASE} 2013, Graz, Austria, September 9-13, 2013. Proceedings},
  pages     = {94--111},
  year      = {2013},
}

@article{DBLP:journals/tist/MontaliMCMA13,
  author    = {Marco Montali and
               Fabrizio Maria Maggi and
               Federico Chesani and
               Paola Mello and
               Wil M. P. van der Aalst},
  title     = {Monitoring business constraints with the event calculus},
  journal   = {{ACM} {TIST}},
  volume    = {5},
  number    = {1},
  pages     = {17:1--17:30},
  year      = {2013},
}

@inproceedings{pesic2006declarative,
  author =        {Pesic, Maja and Van der Aalst, Wil M. P.},
  booktitle =     {BPM Workshops},
  organization =  {Springer},
  pages =         {169--180},
  title =         {A declarative approach for flexible business
                   processes management},
  year =          {2006},
  doi =           {10.1007/s00450-009-0057-9},
}

@inproceedings{Maggi.etal/BPM2013:DiscoveringDataAware,
  author =        {Fabrizio Maria Maggi and Marlon Dumas and
                   Luciano Garc\'{\i}a-Ba{\~n}uelos and Marco Montali},
  booktitle =     {BPM},
  pages =         {81-96},
  publisher =     {Springer},
  series =        {Lecture Notes in Computer Science},
  title =         {Discovering Data-Aware Declarative Process Models
                   from Event Logs},
  volume =        {8094},
  year =          {2013},
  doi =           {10.1007/978-3-642-40176-3_8},
  isbn =          {978-3-642-40175-6},
}

@inproceedings{MontaliChesaniEtAl/SAC2013:TowardsdataawareDeclare,
  author =        {Marco Montali and Federico Chesani and Paola Mello and
                   Fabrizio Maria Maggi},
  booktitle =     {SAC},
  pages =         {1391-1396},
  publisher =     {ACM},
  title =         {Towards data-aware constraints in {D}eclare},
  year =          {2013},
  doi =           {10.1145/2480362.2480624},
  isbn =          {978-1-4503-1656-9},
}

@inproceedings{DBLP:conf/bir/Maggi14,
  author =        {Fabrizio Maria Maggi},
  booktitle =     {BIR},
  pages =         {261--275},
  publisher =     {Springer},
  series =        {Lecture Notes in Business Information Processing},
  title =         {Discovering Metric Temporal Business Constraints from
                   Event Logs},
  volume =        {194},
  year =          {2014},
  doi =           {10.1007/978-3-319-11370-8\_19},
  isbn =          {978-3-319-11369-2},
}

@inproceedings{DBLP:conf/bpm/BurattinCM14,
  author    = {Andrea Burattin and
               Marta Cimitile and
               Fabrizio Maria Maggi},
  title     = {Lights, Camera, Action! Business Process Movies for Online Process
               Discovery},
  booktitle = {Business Process Management Workshops - {BPM} 2014 International Workshops,
               Eindhoven, The Netherlands, September 7-8, 2014, Revised Papers},
  pages     = {408--419},
  year      = {2014},
}

@article{DBLP:journals/ijcis/MaggiW14,
  author    = {Fabrizio Maria Maggi and
               Michael Westergaard},
  title     = {Using Timed Automata for \emph{a Priori} Warnings and Planning for
               Timed Declarative Process Models},
  journal   = {Int. J. Cooperative Inf. Syst.},
  volume    = {23},
  number    = {1},
  year      = {2014},
}

@inproceedings{DeMasellis.etal/ICSSP2014:Monitoringdataawarebusinessconstraintswithfinitestateautomata,
  author =        {De Masellis, Riccardo and Fabrizio Maria Maggi and
                   Marco Montali},
  booktitle =     {ICSSP},
  pages =         {134--143},
  publisher =     {{ACM}},
  title =         {Monitoring data-aware business constraints with
                   finite state automata},
  year =          {2014},
  doi =           {10.1145/2600821.2600835},
  isbn =          {978-1-4503-2754-1},
}

@article{burattin2016conformance,
  author =        {Burattin, Andrea and Maggi, Fabrizio M and
                   Sperduti, Alessandro},
  journal =       {Expert Systems with Applications},
  pages =         {194--211},
  publisher =     {Elsevier},
  title =         {Conformance checking based on multi-perspective
                   declarative process models},
  volume =        {65},
  year =          {2016},
}

@article{hildebrandt2013contracts,
  author =        {Hildebrandt, Thomas and Mukkamala, Raghava Rao and
                   Slaats, Tijs and Zanitti, Francesco},
  journal =       {The Journal of Logic and Algebraic Programming},
  number =        {5},
  pages =         {164--185},
  publisher =     {Elsevier},
  title =         {Contracts for cross-organizational workflows as timed
                   dynamic condition response graphs},
  volume =        {82},
  year =          {2013},
  doi =           {10.1016/j.jlap.2013.05.005},
}

@inproceedings{zeising2014towards,
  author =        {Zeising, Michael and Sch{\"o}nig, Stefan and
                   Jablonski, Stefan},
  booktitle =     {Collaborative Computing: Networking, Applications and
                   Worksharing},
  pages =         {94--103},
  publisher =     {{ICST} / {IEEE}},
  title =         {Towards a Common Platform for the Support of Routine
                   and Agile Business Processes},
  year =          {2014},
  doi =           {10.4108/icst.collaboratecom.2014.257269},
  isbn =          {978-1-63190-043-3},
}

@inproceedings{Aalst.etal/DL2017:OCBC,
  author =        {Wil M. P. van der Aalst and Alessandro Artale and
                   Marco Montali and Simone Tritini},
  booktitle =     {DL},
  publisher =     {CEUR-WS.org},
  series =        {{CEUR} Workshop Proceedings},
  title =         {Object-Centric Behavioral Constraints: Integrating
                   Data and Declarative Process Modelling},
  volume =        {1879},
  year =          {2017},
  url =           {http://ceur-ws.org/Vol-1879/paper51.pdf},
  urn =           {urn:nbn:de:0074-1879-6},
}

@inproceedings{Marengo.etal/2016:PRECISElanguage,
  author =        {Elisa Marengo and Patrick Dallasega and Marco Montali and
                   Werner Nutt},
  booktitle =     {CAiSE Forum},
  pages =         {17--24},
  publisher =     {CEUR-WS.org},
  series =        {{CEUR} Workshop Proceedings},
  title =         {Towards a Graphical Language for Process Modelling in
                   Construction},
  volume =        {1612},
  year =          {2016},
  url =           {http://ceur-ws.org/Vol-1612/paper3.pdf},
  urn =           {urn:nbn:de:0074-1612-0},
}

@inproceedings{Marengo.etal/BPM2018:ConstructionProcessModeling,
  author =        {Elisa Marengo and Werner Nutt and Matthias Perktold},
  booktitle =     {BPM},
  pages =         {48--65},
  publisher =     {Springer},
  series =        {Lecture Notes in Computer Science},
  title =         {Construction Process Modeling: Representing
                   Activities, Items and Their Interplay},
  volume =        {11080},
  year =          {2018},
  doi =           {10.1007/978-3-319-98648-7\_4},
  isbn =          {978-3-319-98647-0},
}

@inproceedings{schoenig2016,
  author =        {Stefan Sch{\"{o}}nig and Andreas Rogge{-}Solti and
                   Cristina Cabanillas and Stefan Jablonski and
                   Jan Mendling},
  booktitle =     {CAiSE},
  pages =         {290--305},
  publisher =     {Springer},
  series =        {Lecture Notes in Computer Science},
  title =         {Efficient and Customisable Declarative Process Mining
                   with {SQL}},
  volume =        {9694},
  year =          {2016},
  doi =           {10.1007/978-3-319-39696-5\_18},
  isbn =          {978-3-319-39695-8},
}

@incollection{Emerson/1990:TemporalandModalLogic,
  author =        {Emerson, E. Allen},
  booktitle =     {Handbook of Theoretical Computer Science, Volume {B:}
                   Formal Models and Sematics},
  chapter =       {Volume {B:} Formal Models and Sematics},
  editor =        {van Leeuwen, Jan},
  pages =         {995--1072},
  publisher =     {MIT Press},
  title =         {Temporal and Modal Logic},
  year =          {1990},
  isbn =          {0-444-88074-7},
  url =           {http://dl.acm.org/citation.cfm?id=114891.114907},
}

@inproceedings{DeGiacomo.Vardi/IJCAI2013:LinearTemporalLogic,
  author =        {De Giacomo, Giuseppe and Moshe Y. Vardi},
  booktitle =     {IJCAI},
  pages =         {854--860},
  publisher =     {{IJCAI/AAAI}},
  title =         {Linear Temporal Logic and Linear Dynamic Logic on
                   Finite Traces},
  year =          {2013},
  isbn =          {978-1-57735-633-2},
  url =           {http://www.aaai.org/ocs/index.php/IJCAI/IJCAI13/paper/view/
                  6997},
}

@inproceedings{Cerrito.etal/LPAR1999:FirstOrderLinearTemporalLogicoverFiniteTimeStructures,
  author =        {Serenella Cerrito and Marta Cialdea Mayer and
                   S{\'{e}}bastien Praud},
  booktitle =     {LPAR},
  pages =         {62--76},
  publisher =     {Springer},
  series =        {Lecture Notes in Computer Science},
  title =         {First Order Linear Temporal Logic over Finite Time
                   Structures},
  volume =        {1705},
  year =          {1999},
  doi =           {10.1007/3-540-48242-3\_5},
  isbn =          {3-540-66492-0},
}

@article{Stolz/JLogComput2010:TemporalAssertionswithParametrizedPropositions,
  author =        {Volker Stolz},
  journal =       {J. Log. Comput.},
  number =        {3},
  pages =         {743--757},
  title =         {Temporal Assertions with Parametrized Propositions},
  volume =        {20},
  year =          {2010},
  doi =           {10.1093/logcom/exn078},
}

@inproceedings{Deutsch.etal/PODS2004:SpecificationVerificationDataDrivenWebServices,
  author =        {Alin Deutsch and Liying Sui and Victor Vianu},
  booktitle =     {PODS},
  pages =         {71--82},
  publisher =     {{ACM}},
  title =         {Specification and Verification of Data-driven Web
                   Services},
  year =          {2004},
  doi =           {10.1145/1055558.1055571},
  isbn =          {1-58113-858-X},
}

@book{codd1990relational,
  author =        {Codd, Edgar F.},
  publisher =     {Addison-Wesley},
  title =         {The relational model for database management: version
                   2},
  year =          {1990},
  isbn =          {0-201-14192-2},
}

@inproceedings{icsocSchoenig2016,
  author =        {Sch{\"{o}}nig, Stefan and {Di Ciccio}, Claudio and
                   Maggi, Fabrizio Maria and Mendling, Jan},
  booktitle =     {ICSOC},
  pages =         {87--103},
  publisher =     {Springer},
  series =        {Lecture Notes in Computer Science},
  title =         {Discovery of Multi-perspective Declarative Process
                   Models},
  volume =        {9936},
  year =          {2016},
  doi =           {10.1007/978-3-319-46295-0_6},
  isbn =          {978-3-319-46294-3},
}

@book{Abiteboul.etal/1995:FoundationsofDatabases,
  author =        {Serge Abiteboul and Richard Hull and Victor Vianu},
  publisher =     {Addison-Wesley},
  title =         {Foundations of Databases},
  year =          {1995},
  isbn =          {0-201-53771-0},
}

@inproceedings{DBLP:conf/apn/WestergaardM11,
  author    = {Michael Westergaard and
               Fabrizio Maria Maggi},
  title     = {Modeling and Verification of a Protocol for Operational Support Using
               Coloured Petri Nets},
  booktitle = {Applications and Theory of Petri Nets - 32nd International Conference,
               {PETRI} {NETS} 2011, Newcastle, UK, June 20-24, 2011. Proceedings},
  pages     = {169--188},
  year      = {2011},
}

@inproceedings{DBLP:conf/ifm/SchunselaarMS12,
  author    = {Dennis M. M. Schunselaar and
               Fabrizio Maria Maggi and
               Natalia Sidorova},
  title     = {Patterns for a Log-Based Strengthening of Declarative Compliance Models},
  booktitle = {Integrated Formal Methods - 9th International Conference, {IFM} 2012,
               Pisa, Italy, June 18-21, 2012. Proceedings},
  pages     = {327--342},
  year      = {2012},
}

@article{MAGGI2017,
  author =        {Maggi, Fabrizio Maria and {Di Ciccio}, Claudio and
                   {Di Francescomarino}, Chiara and Kala, Taavi},
  journal =       {Information Systems},
  number =        {Part 2},
  pages =         {136--152},
  title =         {Parallel algorithms for the automated discovery of
                   declarative process models},
  volume =        {74},
  year =          {2018},
  doi =           {10.1016/j.is.2017.12.002},
  issn =          {0306-4379},
}

@inproceedings{DiCiccio.Mecella/BIS2012:MiningConstraintsArtfulProcesses,
  author =        {{Di Ciccio}, Claudio and Mecella, Massimo},
  booktitle =     {BIS},
  pages =         {11-23},
  publisher =     {Springer},
  title =         {Mining Constraints for Artful Processes},
  year =          {2012},
  doi =           {10.1007/978-3-642-30359-3_2},
}

@inproceedings{DiCiccio.Mecella/CIDM2013:TwoStepFast,
  author =        {{Di Ciccio}, Claudio and Mecella, Massimo},
  booktitle =     {CIDM},
  pages =         {135-142},
  publisher =     {IEEE},
  title =         {A Two-Step Fast Algorithm for the Automated Discovery
                   of Declarative Workflows},
  year =          {2013},
  doi =           {10.1109/CIDM.2013.6597228},
}

@article{Westergaard2013,
  author =        {Westergaard, Michael and Stahl, Christian and
                   Reijers, Hajo},
  journal =       {BPM Center Report, No. BPM-13-28},
  title =         {Unconstrained{M}iner: Efficient Discovery of
                   Generalized Declarative Process Models},
  year =          {2013},
}

@inproceedings{schoenig2015bpmds,
  author =        {Stefan Sch{\"{o}}nig and Cristina Cabanillas and
                   Stefan Jablonski and Jan Mendling},
  booktitle =     {BPMDS},
  pages =         {37--52},
  publisher =     {Springer},
  series =        {Lecture Notes in Business Information Processing},
  title =         {Mining the Organisational Perspective in Agile
                   Business Processes},
  volume =        {214},
  year =          {2015},
  doi =           {10.1007/978-3-319-19237-6\_3},
  isbn =          {978-3-319-19236-9},
}

@article{DBLP:journals/is/WeidlichPDMW11,
  author =        {Matthias Weidlich and Artem Polyvyanyy and
                   Nirmit Desai and Jan Mendling and Mathias Weske},
  journal =       {Inf. Syst.},
  number =        {7},
  pages =         {1009--1025},
  title =         {Process compliance analysis based on behavioural
                   profiles},
  volume =        {36},
  year =          {2011},
  doi =           {10.1016/j.is.2011.04.002},
}


@Article{Polyvyanyy.etal/FAOC2016:ExpressivePowerBehavioralProfiles,
	Title                    = {On the expressive power of behavioral profiles},
	Author                   = {Artem Polyvyanyy and Abel Armas{-}Cervantes and Marlon Dumas and Luciano Garc{\'{\i}}a{-}Ba{\~{n}}uelos},
	Journal                  = {Formal Asp. Comput.},
	Year                     = {2016},
	Number                   = {4},
	Pages                    = {597--613},
	Volume                   = {28},
	
	Bibsource                = {dblp computer science bibliography, http://dblp.org},
	Biburl                   = {http://dblp.dagstuhl.de/rec/bib/journals/fac/PolyvyanyyADG16},
	Doi                      = {10.1007/s00165-016-0372-4},
	Timestamp                = {Thu, 21 Jul 2016 10:41:21 +0200}
}


@article{DBLP:journals/tse/WeidlichMW11,
  author =        {Matthias Weidlich and Jan Mendling and Mathias Weske},
  journal =       {{IEEE} Trans. Software Eng.},
  number =        {3},
  pages =         {410--429},
  title =         {Efficient Consistency Measurement Based on Behavioral
                   Profiles of Process Models},
  volume =        {37},
  year =          {2011},
  doi =           {10.1109/TSE.2010.96},
}

@inproceedings{DBLP:conf/otm/RaimCMMM14,
  author =        {Margus R{\"{a}}im and Claudio {Di Ciccio} and
                   Fabrizio Maria Maggi and Massimo Mecella and
                   Jan Mendling},
  booktitle =     {OTM},
  pages =         {75--92},
  publisher =     {Springer},
  series =        {Lecture Notes in Computer Science},
  title =         {Log-Based Understanding of Business Processes through
                   Temporal Logic Query Checking},
  volume =        {8841},
  year =          {2014},
  doi =           {10.1007/978-3-662-45563-0\_5},
  isbn =          {978-3-662-45562-3},
}

@inproceedings{vanden2014declarative,
  author =        {Seppe K. L. M. vanden Broucke and Jan Vanthienen and
                   Bart Baesens},
  booktitle =     {CEC},
  pages =         {2412--2419},
  publisher =     {{IEEE}},
  title =         {Declarative process discovery with evolutionary
                   computing},
  year =          {2014},
  doi =           {10.1109/CEC.2014.6900293},
  url =           {https://doi.org/10.1109/CEC.2014.6900293},
}

@inproceedings{Lamma.etal/BPM2007:InducingDeclarativeLogic,
  author =        {Evelina Lamma and Paola Mello and Marco Montali and
                   Fabrizio Riguzzi and Sergio Storari},
  booktitle =     {BPM},
  pages =         {344-359},
  publisher =     {Springer},
  series =        {Lecture Notes in Computer Science},
  title =         {Inducing Declarative Logic-Based Models from Labeled
                   Traces},
  volume =        {4714},
  year =          {2007},
  doi =           {10.1007/978-3-540-75183-0_25},
  isbn =          {978-3-540-75182-3},
}

@article{Chesani.etal/JPNOMC2009:ExploitingInductiveLogic,
  author =        {Federico Chesani and Evelina Lamma and Paola Mello and
                   Marco Montali and Fabrizio Riguzzi and
                   Sergio Storari},
  journal =       {T. Petri Nets and Other Models of Concurrency},
  pages =         {278-295},
  title =         {Exploiting Inductive Logic Programming Techniques for
                   Declarative Process Mining},
  volume =        {2},
  year =          {2009},
}

@inproceedings{Bellodi.etal/CILC2010:ProbabilisticLogicBasedProM,
  author =        {Elena Bellodi and Fabrizio Riguzzi and Evelina Lamma},
  booktitle =     {CILC},
  publisher =     {CEUR-WS.org},
  series =        {{CEUR} Workshop Proceedings},
  title =         {Probabilistic Logic-Based Process Mining},
  volume =        {598},
  year =          {2010},
  url =           {http://ceur-ws.org/Vol-598/paper17.pdf},
  urn =           {urn:nbn:de:0074-598-1},
}

@inproceedings{Bellodi.etal/KSEM10:ProbabilisticDeclarativeProcessMining,
  author =        {Elena Bellodi and Fabrizio Riguzzi and Evelina Lamma},
  booktitle =     {KSEM},
  pages =         {292-303},
  publisher =     {Springer},
  series =        {Lecture Notes in Computer Science},
  title =         {Probabilistic Declarative Process Mining},
  volume =        {6291},
  year =          {2010},
  doi =           {10.1007/978-3-642-15280-1_28},
  isbn =          {978-3-642-15279-5},
}

@article{Augusto.etal/2017:ProcessDiscoveryBenchmark,
  author =        {Adriano Augusto and Raffaele Conforti and
                   Marlon Dumas and La Rosa, Macello and
                   Fabrizio Maria Maggi and Andrea Marrella and
                   Massimo Mecella and Allar Soo},
  journal =       {CoRR},
  title =         {Automated Discovery of Process Models from Event
                   Logs: Review and Benchmark},
  volume =        {abs/1705.02288},
  year =          {2017},
  url =           {http://arxiv.org/abs/1705.02288},
}

@inproceedings{Maggi.etal/CAiSE2012:EfficientDiscoveryUnderstandable,
  author =        {Fabrizio Maria Maggi and R. P. Jagadeesh Chandra Bose and
                   Wil M. P. van der Aalst},
  booktitle =     {CAiSE},
  pages =         {270-285},
  publisher =     {Springer},
  series =        {Lecture Notes in Computer Science},
  title =         {Efficient Discovery of Understandable Declarative
                   Process Models from Event Logs},
  volume =        {7328},
  year =          {2012},
  doi =           {10.1007/978-3-642-31095-9_18},
  isbn =          {978-3-642-31094-2},
}

@inproceedings{Maggi2013,
  author =        {Maggi, Fabrizio Maria and Bose, Jagadeesh Chandra and
                   van der Aalst, Wil M. P.},
  booktitle =     {CAiSE},
  pages =         {433--448},
  publisher =     {Springer},
  series =        {Lecture Notes in Computer Science},
  title =         {{A Knowledge-Based Integrated Approach for
                   Discovering and Repairing {Declare} Maps}},
  volume =        {7908},
  year =          {2013},
  doi =           {10.1007/978-3-642-38709-8\_28},
  isbn =          {978-3-642-38708-1},
}

@inproceedings{DBLP:conf/cidm/BernardiCM14,
  author =        {Mario Luca Bernardi and Marta Cimitile and
                   Fabrizio Maria Maggi},
  booktitle =     {CIDM},
  pages =         {389--396},
  publisher =     {{IEEE}},
  title =         {Discovering cross-organizational business rules from
                   the cloud},
  year =          {2014},
  doi =           {10.1109/CIDM.2014.7008694},
  isbn =          {978-1-4799-4519-1},
}

@inproceedings{DBLP:conf/bpm/CiccioMMM15,
  author =        {Claudio {Di Ciccio} and Fabrizio Maria Maggi and
                   Marco Montali and Jan Mendling},
  booktitle =     {BPM},
  pages =         {144--159},
  publisher =     {Springer},
  series =        {Lecture Notes in Computer Science},
  title =         {Ensuring Model Consistency in Declarative Process
                   Discovery},
  volume =        {9253},
  year =          {2015},
  doi =           {10.1007/978-3-319-23063-4\_9},
  isbn =          {978-3-319-23062-7},
}

@article{DBLP:journals/is/CiccioMMM17,
  author =        {Claudio {Di Ciccio} and Fabrizio Maria Maggi and
                   Marco Montali and Jan Mendling},
  journal =       {Inf. Syst.},
  pages =         {425--446},
  title =         {Resolving inconsistencies and redundancies in
                   declarative process models},
  volume =        {64},
  year =          {2017},
  doi =           {10.1016/j.is.2016.09.005},
}

@inproceedings{Bose2013,
  author =        {Bose, Jagadeesh Chandra and Maggi, Fabrizio Maria and
                   van der Aalst, Wil M. P.},
  booktitle =     {BPM},
  pages =         {97--112},
  publisher =     {Springer},
  series =        {Lecture Notes in Computer Science},
  title =         {Enhancing {Declare} Maps Based on Event Correlations},
  volume =        {8094},
  year =          {2013},
  doi =           {10.1007/978-3-642-40176-3\_9},
  isbn =          {978-3-642-40175-6},
}

@article{Alberti.etal/ACMTCL2008:SCIFF,
  author =        {Marco Alberti and Federico Chesani and
                   Marco Gavanelli and Evelina Lamma and Paola Mello and
                   Paolo Torroni},
  journal =       {ACM Trans. Comput. Log.},
  number =        {4},
  pages =         {29:1--29:43},
  title =         {Verifiable agent interaction in abductive logic
                   programming: The {SCIFF} framework},
  volume =        {9},
  year =          {2008},
  doi =           {10.1145/1380572.1380578},
}

@inproceedings{Lamma.etal/ILP2007:ApplyingInductiveLogic,
  author =        {Evelina Lamma and Paola Mello and Fabrizio Riguzzi and
                   Sergio Storari},
  booktitle =     {ILP},
  pages =         {132-146},
  publisher =     {Springer},
  series =        {Lecture Notes in Computer Science},
  title =         {Applying Inductive Logic Programming to Process
                   Mining},
  volume =        {4894},
  year =          {2007},
  doi =           {10.1007/978-3-540-78469-2_16},
  isbn =          {978-3-540-78468-5},
}

@article{Richardson.Domingos/2006:Markovlogicnetworks,
  author =        {Matthew Richardson and Pedro Domingos},
  journal =       {Machine Learning},
  number =        {1-2},
  pages =         {107-136},
  title =         {Markov logic networks},
  volume =        {62},
  year =          {2006},
  doi =           {10.1007/s10994-006-5833-1},
}

@inproceedings{DBLP:conf/bpm/CiccioMM14,
  author =        {Claudio {Di Ciccio} and Fabrizio Maria Maggi and
                   Jan Mendling},
  booktitle =     {Business Process Management - 12th International
                   Conference, {BPM} 2014, Haifa, Israel, September
                   7-11, 2014. Proceedings},
  pages =         {34--50},
  title =         {Discovering Target-Branched {Declare} Constraints},
  year =          {2014},
}

@article{DBLP:journals/is/CiccioMM16,
  author =        {Claudio {Di Ciccio} and Fabrizio Maria Maggi and
                   Jan Mendling},
  journal =       {Inf. Syst.},
  pages =         {258--283},
  title =         {Efficient discovery of Target-Branched {Declare}
                   constraints},
  volume =        {56},
  year =          {2016},
  doi =           {10.1016/j.is.2015.06.009},
}

@inproceedings{CiccioSLM15,
  author =        {Claudio {Di Ciccio} and Mitchel H. M. Schouten and
                   Massimiliano de Leoni and Jan Mendling},
  booktitle =     {BPM Demos},
  pages =         {60--64},
  publisher =     {CEUR-WS.org},
  series =        {{CEUR} Workshop Proceedings},
  title =         {Declarative Process Discovery with MINERful in
                   {ProM}},
  volume =        {1418},
  year =          {2015},
  url =           {http://ceur-ws.org/Vol-1418/paper13.pdf},
  urn =           {urn:nbn:de:0074-1418-4},
}


@article{DBLP:journals/tsc/BurattinCMS15,
  author    = {Andrea Burattin and
               Marta Cimitile and
               Fabrizio Maria Maggi and
               Alessandro Sperduti},
  title     = {Online Discovery of Declarative Process Models from Event Streams},
  journal   = {{IEEE} Trans. Services Computing},
  volume    = {8},
  number    = {6},
  pages     = {833--846},
  year      = {2015},
}

@article{DBLP:journals/eis/MaggiW17,
  author    = {Fabrizio Maria Maggi and
               Michael Westergaard},
  title     = {Designing software for operational decision support through coloured
               Petri nets},
  journal   = {Enterprise {IS}},
  volume    = {11},
  number    = {5},
  pages     = {576--596},
  year      = {2017},
}

@inproceedings{DBLP:conf/bpm/SkydanienkoFGM18,
  author    = {Vasyl Skydanienko and
               Chiara {Di Francescomarino} and
               Chiara Ghidini and
               Fabrizio Maria Maggi},
  title     = {A Tool for Generating Event Logs from Multi-Perspective {Declare} Models},
  booktitle = {Proceedings of the Dissertation Award, Demonstration, and Industrial
               Track at {BPM} 2018 co-located with 16th International Conference
               on Business Process Management {(BPM} 2018), Sydney, Australia, September
               9-14, 2018.},
  pages     = {111--115},
  year      = {2018},
}

@inproceedings{DBLP:conf/cilc/ChesaniFGLMMMST19,
  author    = {Federico Chesani and
               Chiara {Di Francescomarino} and
               Chiara Ghidini and
               Daniela Loreti and
               Fabrizio Maria Maggi and
               Paola Mello and
               Marco Montali and
               Vasyl Skydanienko and
               Sergio Tessaris},
  title     = {Towards the Generation of the "Perfect" Log Using Abductive Logic
               Programming},
  booktitle = {Proceedings of the 34th Italian Conference on Computational Logic,
               Trieste, Italy, June 19-21, 2019.},
  pages     = {179--192},
  year      = {2019},
}

@inproceedings{DBLP:conf/edoc/Bhat19,
  author    = {Fabrizio Maria Maggi and
               Marco Montali and
               Ubaier Bhat},
  title     = {Compliance Monitoring of Multi-Perspective Declarative Process Models},
  booktitle = {23rd {IEEE} International Enterprise Distributed Object Computing
               Conference, {EDOC} 2019, Paris, France, October 28-31, 2019},
  pages     = {41--50},
  year      = {2019},
}


@article{DBLP:journals/is/CiccioMMM18,
  author    = {Claudio {Di Ciccio} and
               Fabrizio Maria Maggi and
               Marco Montali and
               Jan Mendling},
  title     = {On the relevance of a business constraint to an event log},
  journal   = {Inf. Syst.},
  volume    = {78},
  pages     = {144--161},
  year      = {2018},
}

@inproceedings{DBLP:conf/otm/WestergaardM12,
  author =        {Michael Westergaard and Fabrizio Maria Maggi},
  booktitle =     {OTM},
  pages =         {250-267},
  publisher =     {Springer},
  series =        {Lecture Notes in Computer Science},
  title =         {Looking into the Future: Using Timed Automata to
                   Provide A Priori Advice about Timed Declarative
                   Process Models},
  volume =        {7565},
  year =          {2012},
  doi =           {10.1007/978-3-642-33606-5\_16},
  isbn =          {978-3-642-33605-8},
}

@article{DBLP:journals/is/BernardiCFM16,
  author =        {Mario Luca Bernardi and Marta Cimitile and
                   Chiara {Di Francescomarino} and Fabrizio Maria Maggi},
  journal =       {Inf. Syst.},
  pages =         {42--59},
  title =         {Do activity lifecycles affect the validity of a
                   business rule in a business process?},
  volume =        {62},
  year =          {2016},
  doi =           {10.1016/j.is.2016.06.002},
}

@inproceedings{DBLP:conf/ruleml/BernardiCFM14,
  author =        {Mario Luca Bernardi and Marta Cimitile and
                   Chiara {Di Francescomarino} and Fabrizio Maria Maggi},
  booktitle =     {ECAI},
  pages =         {281--295},
  publisher =     {Springer},
  series =        {Lecture Notes in Computer Science},
  title =         {Using Discriminative Rule Mining to Discover
                   Declarative Process Models with Non-atomic
                   Activities},
  volume =        {8620},
  year =          {2014},
  doi =           {10.1007/978-3-319-09870-8_21},
  isbn =          {978-3-319-09869-2},
}

@inproceedings{Verbeek.etal/CAiSEForum2010:XESXESameProM,
  author =        {H. M. W. Verbeek and Joos C. A. M. Buijs and
                   Boudewijn F. van Dongen and Wil M. P. van der Aalst},
  booktitle =     {Information Systems Evolution - CAiSE Forum 2010,
                   Selected Extended Papers},
  pages =         {60--75},
  publisher =     {Springer},
  series =        {Lecture Notes in Business Information Processing},
  title =         {{XES}, {XES}ame, and {P}ro{M} 6},
  volume =        {72},
  year =          {2010},
  doi =           {10.1007/978-3-642-17722-4\_5},
  isbn =          {978-3-642-17721-7},
}

@inproceedings{Baier.etal/BPMDS2015:MatchingEventsActivities,
  author =        {Thomas Baier and Claudio {Di Ciccio} and Jan Mendling and
                   Mathias Weske},
  booktitle =     {BPMDS/EMMSAD},
  pages =         {119--134},
  publisher =     {Springer},
  series =        {Lecture Notes in Business Information Processing},
  title =         {Matching of Events and Activities - An Approach Using
                   Declarative Modeling Constraints},
  volume =        {214},
  year =          {2015},
  doi =           {10.1007/978-3-319-19237-6\_8},
  isbn =          {978-3-319-19236-9},
}

@inproceedings{Baier.etal/SAC2015:Matchingeventsandactivities,
  author =        {Thomas Baier and Andreas Rogge{-}Solti and
                   Jan Mendling and Mathias Weske},
  booktitle =     {SAC},
  pages =         {1225--1230},
  publisher =     {{ACM}},
  title =         {Matching of events and activities: an approach based
                   on behavioral constraint satisfaction},
  year =          {2015},
  doi =           {10.1145/2695664.2699491},
  isbn =          {978-1-4503-3196-8},
}

@article{Baier.etal/SoSyM2017:MatchingeventsactivitiesBehaviorlabel,
  author =        {Baier, Thomas and {Di Ciccio}, Claudio and
                   Mendling, Jan and Weske, Mathias},
  journal =       {Software {\&} Systems Modeling},
  pages =         {1--26},
  title =         {Matching events and activities by integrating
                   behavioral aspects and label analysis},
  year =          {2017},
  doi =           {10.1007/s10270-017-0603-z},
  issn =          {1619-1366},
}

@article{VanLooy2016,
  author =        {Van Looy, Amy and Shafagatova, Aygun},
  journal =       {SpringerPlus},
  number =        {1},
  pages =         {1797},
  title =         {Business process performance measurement: a
                   structured literature review of indicators, measures
                   and metrics},
  volume =        {5},
  year =          {2016},
  doi =           {10.1186/s40064-016-3498-1},
  issn =          {2193-1801},
}

@inproceedings{DBLP:conf/aiccsa/ZakiAE15,
  author =        {Nesma M. Zaki and Ahmed Awad and Ehab Ezat},
  booktitle =     {12th {IEEE/ACS} International Conference of Computer
                   Systems and Applications, {AICCSA} 2015, Marrakech,
                   Morocco, November 17-20, 2015},
  pages =         {1--8},
  publisher =     {{IEEE}},
  title =         {Extracting accurate performance indicators from
                   execution logs using process models},
  year =          {2015},
  doi =           {10.1109/AICCSA.2015.7507173},
  isbn =          {978-1-5090-0478-2},
}

@inproceedings{relationalXES,
  author =        {Boudewijn F. van Dongen and Shiva Shabani},
  booktitle =     {CAiSE Forum},
  pages =         {169--176},
  publisher =     {CEUR-WS.org},
  series =        {{CEUR} Workshop Proceedings},
  title =         {Relational {XES:} Data Management for Process Mining},
  volume =        {1367},
  year =          {2015},
  url =           {http://ceur-ws.org/Vol-1367/paper-22.pdf},
  urn =           {urn:nbn:de:0074-1367-5},
}

@book{Baader.etal/2003:DLHandbook,
  editor =        {Franz Baader and Diego Calvanese and
                   Deborah L. McGuinness and Daniele Nardi and
                   Peter F. Patel{-}Schneider},
  publisher =     {Cambridge University Press},
  title =         {The Description Logic Handbook: Theory,
                   Implementation, and Applications},
  year =          {2003},
  isbn =          {0-521-78176-0},
}

@inproceedings{maggi2013declarative,
  author =        {Maggi, Fabrizio Maria},
  booktitle =     {BPM (Demos)},
  publisher =     {CEUR-WS.org},
  series =        {{CEUR} Workshop Proceedings},
  title =         {Declarative Process Mining with the {Declare} Component
                   of {ProM}},
  volume =        {1021},
  year =          {2013},
  url =           {http://ceur-ws.org/Vol-1021/paper\_8.pdf},
  urn =           {urn:nbn:de:0074-1021-0},
}

@article{Chesani2009:Mining,
  author =        {F. Chesani and E. Lamma and P. Mello and M. Montali and
                   F. Riguzzi and S. Storari},
  journal =       {Trans. Petri Nets and Other Models of Concurrency},
  pages =         {278-295},
  title =         {Exploiting Inductive Logic Programming Techniques for
                   Declarative Process Mining},
  volume =        {2},
  year =          {2009},
  doi =           {10.1007/978-3-642-00899-3\_16},
}

@inproceedings{Wilke/STACS1999:ClassifyingDiscreteTemporalProperties,
  author =        {Thomas Wilke},
  booktitle =     {STACS},
  pages =         {32--46},
  publisher =     {Springer},
  series =        {Lecture Notes in Computer Science},
  title =         {Classifying Discrete Temporal Properties},
  volume =        {1563},
  year =          {1999},
  doi =           {10.1007/3-540-49116-3\_3},
}

@article{Montali2010:Choreographies,
  author =        {Marco Montali and Maja Pesic and
                   Wil M. P. van der Aalst and Federico Chesani and
                   Paola Mello and Sergio Storari},
  journal =       {{TWEB}},
  number =        {1},
  pages =         {3:1--3:62},
  title =         {Declarative specification and verification of service
                   choreographiess},
  volume =        {4},
  year =          {2010},
  doi =           {10.1145/1658373.1658376},
}

@inproceedings{Lichtenstein.etal/LogicsofPrograms1985:TheGloryofthePast,
  author =        {Orna Lichtenstein and Amir Pnueli and Lenore D. Zuck},
  booktitle =     {Logics of Programs},
  pages =         {196--218},
  title =         {The Glory of the Past},
  year =          {1985},
  doi =           {10.1007/3-540-15648-8_16},
}

@article{Markey/ENTCS2002:PastisforFree,
  author =        {Nicolas Markey},
  journal =       {Electr. Notes Theor. Comput. Sci.},
  number =        {2},
  pages =         {87--104},
  title =         {Past is for Free: on the Complexity of Verifying
                   Linear Temporal Properties with Past},
  volume =        {68},
  year =          {2002},
  doi =           {10.1016/S1571-0661(05)80366-4},
}

@article{Burch.etal/IC1992:SymbolicModelChecking,
  author =        {Jerry R. Burch and Edmund M. Clarke and
                   Kenneth L. McMillan and David L. Dill and
                   L. J. Hwang},
  journal =       {Inf. Comput.},
  number =        {2},
  pages =         {142--170},
  title =         {Symbolic Model Checking: $10^{20}$ States and Beyond},
  volume =        {98},
  year =          {1992},
  doi =           {10.1016/0890-5401(92)90017-A},
}

@inproceedings{Gries/Langmaack1999:MonotonicityinCalculational,
  author =        {David Gries},
  booktitle =     {Correct System Design, Recent Insight and Advances,
                   (to Hans Langmaack on the occasion of his retirement
                   from his professorship at the University of Kiel)},
  pages =         {79--85},
  publisher =     {Springer},
  series =        {Lecture Notes in Computer Science},
  title =         {Monotonicity in Calculational Proofs},
  volume =        {1710},
  year =          {1999},
  doi =           {10.1007/3-540-48092-7\_4},
  isbn =          {3-540-66624-9},
}

@article{kupf:vacu03,
  author =        {Orna Kupferman and Moshe Y. Vardi},
  journal =       {International Journal on Software Tools for
                   Technology Transfer},
  number =        {2},
  pages =         {224--233},
  title =         {Vacuity Detection in Temporal Model Checking},
  volume =        {4},
  year =          {2003},
  doi =           {10.1007/s100090100062},
}

@inproceedings{Maggi.etal/BPM2016:SemanticalVacuityDetectionDeclare,
  author =        {Maggi, Fabrizio Maria and Montali, Marco and
                   {Di Ciccio}, Claudio and Mendling, Jan},
  booktitle =     {BPM},
  pages =         {158--175},
  publisher =     {Springer},
  series =        {Lecture Notes in Computer Science},
  title =         {Semantical Vacuity Detection in Declarative Process
                   Mining},
  volume =        {9850},
  year =          {2016},
  doi =           {10.1007/978-3-319-45348-4_10},
  isbn =          {978-3-319-45347-7},
}

@inproceedings{Aalst.Pesic/WSFM06:DecSerFlow,
  author =        {Wil M. P. van der Aalst and Maja Pesic},
  booktitle =     {WS-FM},
  pages =         {1-23},
  publisher =     {Springer},
  series =        {Lecture Notes in Computer Science},
  title =         {{DecSerFlow}: Towards a Truly Declarative Service
                   Flow Language},
  volume =        {4184},
  year =          {2006},
  doi =           {10.1007/11841197\_1},
  isbn =          {3-540-38862-1},
}

@article{Casati.etal/ATDS1999:SpecificationandImplementationofExceptionsinWfMS,
  author =        {Fabio Casati and Stefano Ceri and Stefano Paraboschi and
                   Giuseppe Pozzi},
  journal =       {{ACM} Trans. Database Syst.},
  number =        {3},
  pages =         {405--451},
  title =         {Specification and Implementation of Exceptions in
                   Workflow Management Systems},
  volume =        {24},
  year =          {1999},
  doi =           {10.1145/328939.328996},
}

@article{Schuldt.etal/ATDS2002:AtomicityIsolationforTransactionalProcesses,
  author =        {Heiko Schuldt and Gustavo Alonso and Catriel Beeri and
                   Hans{-}J{\"{o}}rg Schek},
  journal =       {{ACM} Trans. Database Syst.},
  number =        {1},
  pages =         {63--116},
  title =         {Atomicity and isolation for transactional processes},
  volume =        {27},
  year =          {2002},
}

@inproceedings{Chechik.etal/FME2001:ModelCheckingoverMultivaluedLogics,
  author =        {Marsha Chechik and Steve M. Easterbrook and
                   Victor Petrovykh},
  booktitle =     {FME},
  pages =         {72-98},
  publisher =     {Springer},
  series =        {Lecture Notes in Computer Science},
  title =         {Model-Checking over Multi-valued Logics},
  volume =        {2021},
  year =          {2001},
  doi =           {10.1007/3-540-45251-6\_5},
  isbn =          {3-540-41791-5},
}

@article{Chechik.etal/ACMTOSEM2003:MultiValuedSymbolicModelChecking,
  author =        {Marsha Chechik and Benet Devereux and
                   Steve M. Easterbrook and Arie Gurfinkel},
  journal =       {ACM Trans. Softw. Eng. Methodol.},
  number =        {4},
  pages =         {371-408},
  title =         {Multi-Valued Symbolic Model-Checking},
  volume =        {12},
  year =          {2003},
  doi =           {10.1145/990010.990011},
}

@inproceedings{Abiteboul.etal/PODS1996:TemporalVersusFOLtoQueryTemporalDatabases,
  author =        {Serge Abiteboul and Laurent Herr and
                   Jan Van den Bussche},
  booktitle =     {PODS},
  pages =         {49--57},
  publisher =     {{ACM} Press},
  title =         {Temporal Versus First-Order Logic to Query Temporal
                   Databases},
  year =          {1996},
  doi =           {10.1145/237661.237674},
  isbn =          {0-89791-781-2},
}

@article{Boehlen.etal/ACMToDS2000:TemporalStatementModifiers,
  author =        {B\"{o}hlen, Michael H. and Jensen, Christian S. and
                   Snodgrass, Richard Thomas},
  journal =       {ACM Trans. Database Syst.},
  number =        {4},
  pages =         {407--456},
  publisher =     {ACM},
  title =         {Temporal Statement Modifiers},
  volume =        {25},
  year =          {2000},
  doi =           {10.1145/377674.377665},
  issn =          {0362-5915},
}

@article{Chomicki.etal/ATDS2001:QueryingATSQLDatabaseswithTemporalLogic,
  author =        {Chomicki, Jan and Toman, David and
                   B\"{o}hlen, Michael H.},
  journal =       {ACM Trans. Database Syst.},
  number =        {2},
  pages =         {145--178},
  publisher =     {ACM},
  title =         {Querying ATSQL Databases with Temporal Logic},
  volume =        {26},
  year =          {2001},
  doi =           {10.1145/383891.383892},
  issn =          {0362-5915},
}

@article{Lanz.etal/IS2016:ProcesstimepatternsFormalfoundation,
  author =        {Andreas Lanz and Manfred Reichert and Barbara Weber},
  journal =       {Inf. Syst.},
  pages =         {38--68},
  title =         {Process time patterns: {A} formal foundation},
  volume =        {57},
  year =          {2016},
  doi =           {10.1016/j.is.2015.10.002},
}

@incollection{Chan/CAV2000:TemporallogicQueries,
  author =        {Chan, William},
  booktitle =     {Computer Aided Verification},
  editor =        {Emerson, E. Allen and Sistla, Aravinda Prasad},
  pages =         {450-463},
  publisher =     {Springer Berlin Heidelberg},
  series =        {Lecture Notes in Computer Science},
  title =         {Temporal-logic Queries},
  volume =        {1855},
  year =          {2000},
  doi =           {10.1007/10722167_34},
  isbn =          {978-3-540-67770-3},
}

@article{Clarke.etal/ACMTPLS1986:CTL,
  author =        {Edmund M. Clarke and E. Allen Emerson and
                   A. Prasad Sistla},
  journal =       {ACM Trans. Program. Lang. Syst.},
  number =        {2},
  pages =         {244-263},
  title =         {Automatic Verification of Finite-State Concurrent
                   Systems Using Temporal Logic Specifications},
  volume =        {8},
  year =          {1986},
  doi =           {10.1145/5397.5399},
}

@book{Adamo/2001:Dataminingassociationrules,
  author =        {Jean{-}Marc Adamo},
  editor =        {Jean{-}Marc Adamo},
  publisher =     {Springer New York},
  title =         {Data mining for association rules and sequential
                   patterns - sequential and parallel algorithms},
  year =          {2001},
  doi =           {10.1007/978-1-4613-0085-4},
  isbn =          {978-0-387-95048-8},
}

@article{KruseNaumann/PVLDB2018:EfficientDiscoveryApproximateDependencies,
  author =        {Sebastian Kruse and Felix Naumann},
  journal =       {{PVLDB}},
  number =        {7},
  pages =         {759--772},
  title =         {Efficient Discovery of Approximate Dependencies},
  volume =        {11},
  year =          {2018},
  doi =           {10.14778/3192965.3192968},
}

@inproceedings{GabbayPnueliEtAl/POPL1980:TemporalAnalysisFairness,
  author =        {Gabbay, Dov and Pnueli, Amir and Shelah, Saharon and
                   Stavi, Jonathan},
  booktitle =     {Proceedings of the 7th ACM SIGPLAN-SIGACT symposium
                   on Principles of programming languages},
  pages =         {163--173},
  publisher =     {ACM},
  series =        {POPL '80},
  title =         {On the Temporal Analysis of Fairness},
  year =          {1980},
  doi =           {10.1145/567446.567462},
  isbn =          {0-89791-011-7},
}

@book{bowman1996practical,
  author =        {Bowman, Judith S and Emerson, Sandra L and
                   Darnovsky, Marcy},
  publisher =     {Addison-Wesley Longman Publishing},
  title =         {The Practical {SQL} Handbook: Using Structured Query
                   Language},
  year =          {1996},
}

@inproceedings{GabbayMcBrien/VLDB1991:TemporalLogicAndHistoricalDatabases,
  author =        {Dov M. Gabbay and Peter McBrien},
  booktitle =     {VLDB},
  pages =         {423--430},
  publisher =     {Morgan Kaufmann},
  title =         {Temporal Logic {\&} Historical Databases},
  year =          {1991},
  isbn =          {1-55860-150-3},
  url =           {http://www.vldb.org/conf/1991/P423.PDF},
}

@book{mistry2012microsoft,
  author =        {Mistry, Ross and Seenarine, Shirmattie},
  publisher =     {Sams Publishing},
  title =         {Microsoft SQL Server 2012 Management and
                   Administration},
  year =          {2012},
}

@article{schoenigSQL,
  author =        {Sch{\"o}nig, Stefan},
  journal =       {arXiv preprint arXiv:1512.00196},
  title =         {{SQL} Queries for Declarative Process Mining on Event
                   Logs of Relational Databases},
  year =          {2015},
}

@misc{teinemaa2015bpic,
  author =        {Teinemaa, Irene and Leontjeva, Anna and
                   Masing, Karl-Oskar},
  howpublished =  {BPI Challenge Report},
  title =         {{BPIC} 2015: Diagnostics of Building Permit
                   Application Process in Dutch Municipalities},
  volume =        {72},
  year =          {2015},
}

@inproceedings{Satyal.etal/BPM2017:ABBPM,
  author =        {Suhrid Satyal and Ingo Weber and Hye{-}young Paik and
                   {Di Ciccio}, Claudio and Jan Mendling},
  booktitle =     {BPM},
  pages =         {113--129},
  publisher =     {Springer},
  series =        {Lecture Notes in Computer Science},
  title =         {{AB-BPM:} Performance-Driven Instance Routing for
                   Business Process Improvement},
  volume =        {10445},
  year =          {2017},
  doi =           {10.1007/978-3-319-65000-5_7},
  isbn =          {978-3-319-64999-3},
}

@inproceedings{Leno.etal/BPM2018:CorrelatingActivationandTargetConditionsinDataAwareDeclarativeProcessDiscovery,
  author =        {Volodymyr Leno and Marlon Dumas and
                   Fabrizio Maria Maggi},
  booktitle =     {BPM},
  pages =         {176--193},
  publisher =     {Springer},
  series =        {Lecture Notes in Computer Science},
  title =         {Correlating Activation and Target Conditions in
                   Data-Aware Declarative Process Discovery},
  volume =        {11080},
  year =          {2018},
  doi =           {10.1007/978-3-319-98648-7\_11},
  isbn =          {978-3-319-98647-0},
}

@article{aalst2015processes,
  author =        {van der Aalst, Wil M. P. and Damiani, Ernesto},
  journal =       {{IEEE} Trans. Services Computing},
  number =        {6},
  pages =         {810--819},
  publisher =     {IEEE},
  title =         {Processes Meet Big Data: Connecting Data Science with
                   Process Science},
  volume =        {8},
  year =          {2015},
  doi =           {10.1109/TSC.2015.2493732},
}

@incollection{van2013process,
  author =        {van der Aalst, Wil M. P.},
  booktitle =     {Asia Pacific Business Process Management},
  pages =         {1--22},
  publisher =     {Springer},
  series =        {Lecture Notes in Business Information Processing},
  title =         {Process cubes: Slicing, dicing, rolling up and
                   drilling down event data for process mining},
  volume =        {159},
  year =          {2013},
  doi =           {10.1007/978-3-319-02922-1\_1},
  isbn =          {978-3-319-02921-4},
}

@Article{Fionda.Greco/JAIR2018:LTLonFiniteandProcessTraces,
	author    = {Valeria Fionda and Gianluigi Greco},
	title     = {{LTL} on Finite and Process Traces: Complexity Results and a Practical Reasoner},
	journal   = {J. Artif. Intell. Res.},
	year      = {2018},
	volume    = {63},
	pages     = {557--623},
	doi       = {10.1613/jair.1.11256},
	bibsource = {dblp computer science bibliography, https://dblp.org},
	biburl    = {https://dblp.org/rec/bib/journals/jair/FiondaG18},
	timestamp = {Mon, 21 Jan 2019 15:01:17 +0100},
}

@article{DBLP:journals/is/WeerdtBVB12,
  author    = {Jochen De Weerdt and
               Manu De Backer and
               Jan Vanthienen and
               Bart Baesens},
  title     = {A multi-dimensional quality assessment of state-of-the-art process
               discovery algorithms using real-life event logs},
  journal   = {Inf. Syst.},
  volume    = {37},
  number    = {7},
  pages     = {654--676},
  year      = {2012},
}

@inproceedings{DBLP:conf/bis/MilaniM18,
  author    = {Fredrik Milani and
               Fabrizio Maria Maggi},
  title     = {A Comparative Evaluation of Log-Based Process Performance Analysis
               Techniques},
  booktitle = {Business Information Systems - 21st International Conference, {BIS}
               2018, Berlin, Germany, July 18-20, 2018, Proceedings},
  pages     = {371--383},
  year      = {2018},
}

@inproceedings{Sturm.etal/BPMDemos2017:DistributedMulti-PerspectiveDeclareDiscovery,
  author =        {Sturm, Christian and Sch{\"{o}}nig, Stefan and
                   {Di Ciccio}, Claudio},
  booktitle =     {BPM (Demos)},
  publisher =     {CEUR-WS.org},
  series =        {{CEUR} Workshop Proceedings},
  title =         {Distributed Multi-Perspective {Declare} Discovery},
  volume =        {1920},
  year =          {2017},
  url =           {http://ceur-ws.org/Vol-1920/BPM_2017_paper_194.pdf},
}

@inproceedings{Syamsiyah.etal/BPMw2017:RecurrentProcessMiningwithLiveEventData,
  author =        {Alifah Syamsiyah and Boudewijn F. van Dongen and
                   Wil M. P. van der Aalst},
  booktitle =     {Business Process Management Workshops - {BPM} 2017
                   International Workshops, Barcelona, Spain, September
                   10-11, 2017, Revised Papers},
  pages =         {178--190},
  publisher =     {Springer},
  series =        {Lecture Notes in Business Information Processing},
  title =         {Recurrent Process Mining with Live Event Data},
  volume =        {308},
  year =          {2017},
  doi =           {10.1007/978-3-319-74030-0_13},
  isbn =          {978-3-319-74029-4},
}

@article{Polyvyanyy.etal/DSS2017:Processquerying,
  author =        {Artem Polyvyanyy and Chun Ouyang and Alistair Barros and
                   Wil M. P. van der Aalst},
  journal =       {Decision Support Systems},
  pages =         {41--56},
  title =         {Process querying: Enabling business intelligence
                   through query-based process analytics},
  volume =        {100},
  year =          {2017},
  doi =           {10.1016/j.dss.2017.04.011},
}

@article{Dignoes.etal/ACMToDS2016:ExtendingtheKernelofaRelationalDBMSwithComprehensiveSupportforSequencedTemporalQueries,
  author =        {Dign\"{o}s, Anton and B\"{o}hlen, Michael H. and
                   Gamper, Johann and Jensen, Christian S.},
  journal =       {ACM Trans. Database Syst.},
  number =        {4},
  pages =         {26:1--26:46},
  publisher =     {ACM},
  title =         {Extending the Kernel of a Relational {DBMS} with
                   Comprehensive Support for Sequenced Temporal Queries},
  volume =        {41},
  year =          {2016},
  doi =           {10.1145/2967608},
  issn =          {0362-5915},
}

@inproceedings{Brandt.etal/AAAI2017:OntologyBasedDataAccessHornFragmentMetricTemporalLogic,
  author =        {Sebastian Brandt and Elem G{\"{u}}zel Kalayci and
                   Roman Kontchakov and Vladislav Ryzhikov and
                   Guohui Xiao and Michael Zakharyaschev},
  booktitle =     {AAAI},
  pages =         {1070--1076},
  publisher =     {{AAAI} Press},
  title =         {Ontology-Based Data Access with a Horn Fragment of
                   Metric Temporal Logic},
  year =          {2017},
  url =           {http://aaai.org/ocs/index.php/AAAI/AAAI17/paper/view/14881},
}

@techreport{bpmn2_stable,
	Author = {OMG},
	Date-Added = {2018-08-29 10:58:28 +0200},
	Date-Modified = {2018-08-29 10:58:28 +0200},
	Institution = {OMG},
	Owner = {Cristina},
	Timestamp = {2010.03.01},
	Title = {{BPMN 2.0}},
	Type = {Recommendation},
	Year = {2011}}
