

@inproceedings{GartnerFW03,
  author    = {Thomas G{\"{a}}rtner and
               Peter A. Flach and
               Stefan Wrobel},
  editor    = {Bernhard Sch{\"{o}}lkopf and
               Manfred K. Warmuth},
  title     = {On Graph Kernels: Hardness Results and Efficient Alternatives},
  booktitle = {Computational Learning Theory and Kernel Machines, 16th Annual Conference
               on Computational Learning Theory and 7th Kernel Workshop, COLT/Kernel
               2003, Washington, DC, USA, August 24-27, 2003, Proceedings},
  series    = {Lecture Notes in Computer Science},
  volume    = {2777},
  pages     = {129--143},
  publisher = {Springer},
  year      = {2003}
}

@book{Prob,
	author = {Ross, Sheldon M.},
	title = {Introduction to Probability Models},
	year = {2003},
	publisher = {Academic Press, Inc.},
	edition = {8}
}

@BOOK{dectheor,AUTHOR = {Ludovico Piccinato},TITLE = {Statistical Decision Making Methods, 2nd Ed.},PUBLISHER = {Springer Verlag},NOTE = {(Italian)},YEAR = 2009}


@book{Raedt,
	author    = {Luc De Raedt},
	title     = {Logical and relational learning},
	series    = {Cognitive Technologies},
	publisher = {Springer},
	year      = {2008}
}

@book{Samatova,
	author = {Samatova, Nagiza F. and Hendrix, William and Jenkins, John and Padmanabhan, Kanchana and Chakraborty, Arpan},
	title = {Practical Graph Mining with R},
	year = {2013},
	publisher = {Chapman \& Hall/CRC}
} 

@incollection{TsudaS10,
	author    = {Koji Tsuda and
	Hiroto Saigo},
	title     = {Graph Classification},
	booktitle = {Managing and Mining Graph Data},
	pages     = {337--363},
	year      = {2010}
}


@INPROCEEDINGS{Sidere,
	author={N. {Sidère} and P. {Héroux} and J. {Ramel}},
	booktitle={2009 10th International Conference on Document Analysis and Recognition},
	title={Vector Representation of Graphs: Application to the Classification of Symbols and Letters},
	year={2009},
	volume={},
	number={},
	pages={681-685}}

@article{BunkeS98,
	author    = {Horst Bunke and
	Kim Shearer},
	title     = {A graph distance metric based on the maximal common subgraph},
	journal   = {Pattern Recognition Letters},
	volume    = {19},
	number    = {3-4},
	pages     = {255--259},
	year      = {1998}
}



@article{LodhiSSCW02,
	author    = {Huma Lodhi and
	Craig Saunders and
	John Shawe{-}Taylor and
	Nello Cristianini and
	Christopher J. C. H. Watkins},
	title     = {Text Classification using String Kernels},
	journal   = {J. Mach. Learn. Res.},
	volume    = {2},
	pages     = {419--444},
	year      = {2002}
}

@Article{Myers1989,
	author={Myers, Eugene W.
	and Miller, Webb},
	title={Approximate matching of regular expressions},
	journal={Bulletin of Mathematical Biology},
	year={1989},
	month={Jan},
	day={01},
	volume={51},
	number={1},
	pages={5-37}
}


@article{Thompson,
	author = {Thompson, Ken},
	title = {Programming Techniques: Regular Expression Search Algorithm},
	year = {1968},
	issue_date = {June 1968},
	publisher = {Association for Computing Machinery},
	address = {New York, NY, USA},
	volume = {11},
	number = {6},
	month = jun,
	pages = {419–422},
	numpages = {4}
}



@article{LeoniM17,
	author    = {Massimiliano de Leoni and
	Andrea Marrella},
	title     = {Aligning Real Process Executions and Prescriptive Process Models through
	Automated Planning},
	journal   = {Expert Syst. Appl.},
	volume    = {82},
	pages     = {162--183},
	year      = {2017}
}




@inproceedings{BergamiBM20,
	author    = {Giacomo Bergami and
	Flavio Bertini and
	Danilo Montesi},
	editor    = {Bipin C. Desai and
	Wan{-}Sup Cho},
	title     = {Hierarchical embedding for {DAG} reachability queries},
	booktitle = {{IDEAS} 2020: 24th International Database Engineering {\&} Applications
	Symposium, Seoul, Republic of Korea, August 12-14, 2020},
	pages     = {24:1--24:10},
	publisher = {{ACM}},
	year      = {2020}
}



@InProceedings{StocasticCC,
	author="Leemans, Sander J. J.
	and Polyvyanyy, Artem",
	editor="Dustdar, Schahram
	and Yu, Eric
	and Salinesi, Camille
	and Rieu, Dominique
	and Pant, Vik",
	title="Stochastic-Aware Conformance Checking: An Entropy-Based Approach",
	booktitle="Advanced Information Systems Engineering",
	year="2020",
	publisher="Springer International Publishing",
	address="Cham",
	pages="217--233"
}



@article{Gartner03,
	author    = {Thomas G{\"{a}}rtner},
	title     = {A survey of kernels for structured data},
	journal   = {{SIGKDD} Explor.},
	volume    = {5},
	number    = {1},
	pages     = {49--58},
	year      = {2003}
}

@InProceedings{PPNFromLog,
	author="van der Aalst, Wil M. P.
	and van Dongen, Boudewijn F.",
	editor="Jensen, Kurt
	and van der Aalst, Wil M. P.
	and Balbo, Gianfranco
	and Koutny, Maciej
	and Wolf, Karsten",
	title="Discovering Petri Nets from Event Logs",
	booktitle="Transactions on Petri Nets and Other Models of Concurrency VII",
	year="2013",
	publisher="Springer Berlin Heidelberg",
	address="Berlin, Heidelberg",
	pages="372--422"
}


@inproceedings{spdwe,
	author = {Burke, Adam and Leemans, Sander and Wynn, Moe},
	year = {2020},
	month = {10},
	title = {Stochastic Process Discovery By Weight Estimation},
	booktitle={PQMI},
	year=2020
}



@article{MarsanCB84,
	author    = {Marco Ajmone Marsan and
	Gianni Conte and
	Gianfranco Balbo},
	title     = {A Class of Generalized Stochastic Petri Nets for the Performance Evaluation
	of Multiprocessor Systems},
	journal   = {{ACM} Trans. Comput. Syst.},
	volume    = {2},
	number    = {2},
	pages     = {93--122},
	year      = {1984}
}

@Inbook{Desel1998,
	author="Desel, J{\"o}rg
	and Reisig, Wolfgang",
	editor="Reisig, Wolfgang
	and Rozenberg, Grzegorz",
	title="Place/transition Petri Nets",
	bookTitle="Lectures on Petri Nets I: Basic Models: Advances in Petri Nets",
	year="1998",
	publisher="Springer Berlin Heidelberg",
	address="Berlin, Heidelberg",
	pages="122--173",
	abstract="This contributions provides an introduction to the theory of place/transition Petri nets. Topics include the sequential and the concurrent behavior of place/ transition Petri nets, marking graphs and coverability trees, and some analysis techniques that are based on the structure of place/transition Petri nets."
}



@inproceedings{RoggeSoltiAW13,
	author    = {Andreas Rogge{-}Solti and
	Wil M. P. van der Aalst and
	Mathias Weske},
	title     = {Discovering Stochastic Petri Nets with Arbitrary Delay Distributions
	from Event Logs},
	booktitle = {Business Process Management Workshops},
	series    = {Lecture Notes in Business Information Processing},
	volume    = {171},
	pages     = {15--27},
	publisher = {Springer},
	year      = {2013}
}

@Article{Fu2000,
	author={Fu, Ada Wai-chee
	and Chan, Polly Mei-shuen
	and Cheung, Yin-Ling
	and Moon, Yiu Sang},
	title={Dynamic vp-tree indexing for n-nearest neighbor search given pair-wise distances},
	journal={The VLDB Journal},
	year={2000},
	month={Jul},
	day={01},
	volume={9},
	number={2},
	pages={154-173}
}



@inproceedings{Maneewongvatana99,
	author    = {Songrit Maneewongvatana and
	David M. Mount},
	editor    = {Michael H. Goldwasser and
	David S. Johnson and
	Catherine C. McGeoch},
	title     = {Analysis of approximate nearest neighbor searching with clustered
	point sets},
	booktitle = {Data Structures, Near Neighbor Searches, and Methodology: Fifth and
	Sixth {DIMACS} Implementation Challenges},
	volume    = {59},
	pages     = {105--123},
	publisher = {{DIMACS/AMS}},
	year      = {1999}
}

@inproceedings{Ciaccia,
	author = {Ciaccia, Paolo and Patella, Marco and Zezula, Pavel},
	title = {M-Tree: An Efficient Access Method for Similarity Search in Metric Spaces},
	year = {1997},
	booktitle = {PVLDB},
	pages = {426–435},
	numpages = {10}
}



@article{DriessensRG06,
	author    = {Kurt Driessens and
	Jan Ramon and
	Thomas G{\"{a}}rtner},
	title     = {Graph kernels and Gaussian processes for relational reinforcement
	learning},
	journal   = {Mach. Learn.},
	volume    = {64},
	number    = {1-3},
	pages     = {91--119},
	year      = {2006
}



@article{Altman,
	author = { N. S.   Altman },
	title = {An Introduction to Kernel and Nearest-Neighbor Nonparametric Regression},
	journal = {The American Statistician},
	volume = {46},
	number = {3},
	pages = {175-185},
	year  = {1992},
	publisher = {Taylor & Francis}
	
}

