@string{AAAIP = "AAAI Press"}
@string{MITP = "The MIT Press"}
@string{IEEEP = "IEEE Computer Society"}
@string{SPRINGER = "Springer"}
@string{LNBIP = "LNBIP"}
@string{LNCS = "LNCS"}

@string{AIJ = "Artif.\ Intell."}

@string{BPM-14 = "Proc.\ of BPM"}
@string{BPM-07 = "Proc.\ of BPM"}
@string{BPM-11 = "Proc.\ of BPM"}
@string{BPM-Forum-19 = "Proc.\ of BPM Forum"}
@string{IJCAI-13 = "Proc.\ of IJCAI"}
@string{KR-18 = "Proc.\ of KR"}
@string{RV-11 = "Proc.\ of RV"}
@string{AAAI-14 = "Proc.\ of AAAI"}
@string{AAAI-17 = "Proc.\ of AAAI"}
@string{AAAI-18 = "Proc.\ of AAAI"}
@string{AAAI-20 = "Proc.\ of AAAI"}
@string{EDOC-07 = "Proc.\ of EDOC"}
@string{CAISE-12 = "Proc.\ of CAiSE"}


@article{DBLP:journals/dss/SchonigCJM16,
  author =        {Stefan Sch{\"{o}}nig and Cristina Cabanillas and
                   Stefan Jablonski and Jan Mendling},
  journal =       {Decision Support Systems},
  pages =         {87--97},
  title =         {A framework for efficiently mining the organisational
                   perspective of business processes},
  volume =        {89},
  year =          {2016},
  doi =           {10.1016/j.dss.2016.06.012},
}


@article{CiccioM15,
  author =        {Claudio {Di Ciccio} and Massimo Mecella},
  journal =       {{ACM} Trans. Management Inf. Syst.},
  number =        {4},
  pages =         {24:1--24:37},
  title =         {On the Discovery of Declarative Control Flows for
                   Artful Processes},
  volume =        {5},
  year =          {2015},
}

@inproceedings{DBLP:conf/caise/SchonigRCJM16,
  author    = {Stefan Sch{\"{o}}nig and
               Andreas Rogge{-}Solti and
               Cristina Cabanillas and
               Stefan Jablonski and
               Jan Mendling},
  title     = {Efficient and Customisable Declarative Process Mining with {SQL}},
  booktitle = {CAiSE 2016},
  pages     = {290--305},
  year      = {2016},
  }

@inproceedings{DBLP:conf/bpm/Maggi2020,
  author    = {Fabrizio Maria Maggi and Marco Montali and Rafael Pe{\~{n}}aloza and Anti Alman},
  title     = {Extending Temporal Business Constraints with Uncertainty},
  booktitle = {{BPM} 2020},
  year      = {2020},
}

@inproceedings{DBLP:conf/fase/MaggiMA12,
  author    = {Fabrizio Maria Maggi and
               Marco Montali and
               Wil M. P. van der Aalst},
  title     = {An Operational Decision Support Framework for Monitoring Business
               Constraints},
  booktitle = {{FASE} 2012},
  pages     = {146--162},
  year      = {2012},
}

@inproceedings{DBLP:conf/bpm/LeemansSA19,
  author    = {Sander J. J. Leemans and
               Anja F. Syring and
               Wil M. P. van der Aalst},
  noeditor    = {Thomas T. Hildebrandt and
               Boudewijn F. van Dongen and
               Maximilian R{\"{o}}glinger and
               Jan Mendling},
  title     = {Earth Movers' Stochastic Conformance Checking},
  booktitle = BPM-Forum-19,
  series    = {LNBIP},
  volume    = {360},
  nopages     = {127--143},
  publisher = {Springer},
  year      = {2019},
 }

@inproceedings{MWMV11,
  author    = {Maggi, Fabrizio Maria  and
               Michael Westergaard and
               Marco Montali and
               van der Aalst, Wil M. P.},
  noeditor    = {Sarfraz Khurshid and
               Koushik Sen},
  title     = {Runtime Verification of {LTL}-Based Declarative Process Models},
  booktitle = RV-11,
  series    = {LNCS},
  volume    = {7186},
  nopages     = {131--146},
  publisher = {Springer},
  year      = {2011},
}


@article{DBLP:journals/is/LyMMRA15,
  author    = {Linh Thao Ly and
               Fabrizio Maria Maggi and
               Marco Montali and
               Stefanie Rinderle{-}Ma and
               Wil M. P. van der Aalst},
  title     = {Compliance monitoring in business processes: Functionalities, application,
               and tool-support},
  journal   = {Inf. Syst.},
  volume    = {54},
  nopages     = {209--234},
  year      = {2015},
}

@article{DMMM17,
  author    = {Di Ciccio, Claudio and
               Maggi, Fabrizio Maria and
               Marco Montali and
               Jan Mendling},
  title     = {Resolving inconsistencies and redundancies in declarative process
               models},
  journal   = {Inf. Syst.},
  volume    = {64},
  nopages     = {425--446},
  year      = {2017},
}


@article{DMMM18,
  author    = {Di Ciccio, Claudio and
               Maggi, Fabrizio Maria  and
               Marco Montali and
               Jan Mendling},
  title     = {On the relevance of a business constraint to an event log},
  journal   = {Inf. Syst.},
  volume    = {78},
  nopages     = {144--161},
  year      = {2018},
}

@inproceedings{LMMR07,
  author    = {Evelina Lamma and
               Paola Mello and
               Marco Montali and
               Fabrizio Riguzzi and
               Sergio Storari},
  noeditor    = {Gustavo Alonso and
               Peter Dadam and
               Michael Rosemann},
  title     = {Inducing Declarative Logic-Based Models from Labeled Traces},
  booktitle = BPM-07,
  series    = {LNCS},
  volume    = {4714},
  nopages     = {344--359},
  publisher = {Springer},
  year      = {2007},
}

@inproceedings{MaMP20,
  author    = {Maggi, Fabrizio Maria and
                Marco Montali and
               Rafael Pe{\~{n}}aloza},
  title     = {Temporal Logics Over Finite Traces with Uncertainty},
  booktitle = AAAI-20,
  year      = {2020},
  publisher = AAAIP,
  note = {To appear.},}


  @article{DBLP:journals/corr/abs-1903-04940,
  author    = {Fabrizio Maria Maggi and
               Marco Montali and
               Rafael Pe{\~{n}}aloza},
  title     = {Probabilistic Temporal Logic over Finite Traces (Technical Report)},
  journal   = {CoRR},
  volume    = {abs/1903.04940},
  year      = {2019},
  url       = {http://arxiv.org/abs/1903.04940},
  archivePrefix = {arXiv},
  eprint    = {1903.04940},
}

@inproceedings{DBLP:conf/aiia/BragagliaCMMS11,
  author    = {Stefano Bragaglia and
               Federico Chesani and
               Paola Mello and
               Marco Montali and
               Davide Sottara},
  title     = {Fuzzy Conformance Checking of Observed Behaviour with Expectations},
  booktitle = {AI*IA 2011: Artificial Intelligence Around Man and Beyond - XIIth
               International Conference of the Italian Association for Artificial
               Intelligence, Palermo, Italy, September 15-17, 2011. Proceedings},
  nopages     = {80--91},
  year      = {2011},
}

@article{SiCl85,
 author = {Sistla, A. P. and Clarke, E. M.},
 title = {The Complexity of Propositional Linear Temporal Logics},
 journal = {J. ACM},
 issue_date = {July 1985},
 volume = {32},
 number = {3},
 year = {1985},
 nopages = {733--749},
 doi = {10.1145/3828.3837},
 publisher = {ACM},
 address = {New York, NY, USA},
}

@book{DaFe12,
 author = {Downey, Rodney G. and Fellows, M. R.},
 title = {Parameterized Complexity},
 year = {2012},
 isbn = {1461267986, 9781461267980},
 publisher = {Springer},
}


@article{VaWo86,
  author    = {Moshe Y. Vardi and
               Pierre Wolper},
  title     = {Automata-Theoretic Techniques for Modal Logics of Programs},
  journal   = {J. Comput. Syst. Sci.},
  volume    = {32},
  number    = {2},
  nopages     = {183--221},
  year      = {1986},
  doi       = {10.1016/0022-0000(86)90026-7},
}

@article{BaHP08,
  author    = {Franz Baader and
               Jan Hladik and
               Rafael Pe{\~{n}}aloza},
  title     = {Automata can show PSpace results for Description Logics},
  journal   = {Inf. Comput.},
  volume    = {206},
  number    = {9-10},
  nopages     = {1045--1056},
  year      = {2008}
}

@inproceedings{DDGM14,
 author     = {De Giacomo, G. and De Masellis, R. and Grasso, M. and Maggi, F. M. and Montali, M.},
 title      = {Monitoring Business Metaconstraints Based on {LTL} \& {LDL} for Finite Traces},
 booktitle  = BPM,
 year       = {2014},
 nopages      = {1--17},
 volume     = {8659},
}

@book{Aal16,
  author    = {van der Aalst, Wil M. P.},
  title     = {Process Mining - Data Science in Action, Second Edition},
  publisher = {Springer},
  year      = {2016},
}

@article{Seid-94,
title = "Haskell overloading is DEXPTIME-complete",
journal = "Information Processing Letters",
volume = "52",
number = "2",
nopages = "57 - 60",
year = "1994",
issn = "0020-0190",
doi = "https://doi.org/10.1016/0020-0190(94)00130-8",
url = "http://www.sciencedirect.com/science/article/pii/0020019094001308",
author = "Helmut Seidl",
}

@article{Savi-70,
title = "Relationships between nondeterministic and deterministic tape complexities",
journal = "Journal of Computer and System Sciences",
volume = "4",
number = "2",
nopages = "177 - 192",
year = "1970",
issn = "0022-0000",
doi = "https://doi.org/10.1016/S0022-0000(70)80006-X",
author = "Walter J. Savitch",
}

@book{DrKV-09,
 author = {Droste, Manfred and Kuich, Werner and Vogler, Heiko},
 title = {Handbook of Weighted Automata},
 year = {2009},
 isbn = {3642014917, 9783642014918},
 series = {EATCS},
 edition = {1st},
 publisher = SPRINGER,
}

@Misc{TATA2007,
  author = {H. Comon and M. Dauchet and R. Gilleron and  C. L\"oding
and F. Jacquemard
and D. Lugiez and S. Tison and M. Tommasi},
  title =	 {Tree Automata Techniques and Applications},
  howpublished = {Available on: \url{http://www.grappa.univ-lille3.fr/tata}},
  note = {release October, 12th 2007},
  year =	 2007
}


@MASTERSTHESIS{Mora11,
  author = {Lu\'is Mor{\~a}o},
  title = {Probabilistic Distributed Temporal Logic},
  school = {Universidade T\'ecnica de Lisboa},
  year = {2011},
  type = {Master Thesis},
  address = {Portugal},
}

@inproceedings{KovP18,
  author    = {Alisa Kovtunova and
               Rafael Pe{\~{n}}aloza},
  title     = {Cutting Diamonds: {A} Temporal Logic with Probabilistic Distributions},
  booktitle = KR-18,
  nopages     = {561--570},
  year      = {2018},
  publisher = AAAIP,
}

@article{Konu10,
  author    = {Savas Konur},
  title     = {Real-time and Probabilistic Temporal Logics: An Overview},
  journal   = {CoRR},
  volume    = {abs/1005.3200},
  year      = {2010},
  url       = {http://arxiv.org/abs/1005.3200},
  archivePrefix = {arXiv},
  eprint    = {1005.3200},
  timestamp = {Wed, 07 Jun 2017 14:41:54 +0200},
  biburl    = {https://dblp.org/rec/bib/journals/corr/abs-1005-3200},
  bibsource = {dblp computer science bibliography, https://dblp.org}
}

@article{Ognj06,
  author    = {Zoran Ognjanovic},
  title     = {Discrete Linear-time Probabilistic Logics: Completeness, Decidability
               and Complexity},
  journal   = {J.\ Log.\ Comput.},
  volume    = {16},
  number    = {2},
  nopages     = {257--285},
  year      = {2006},
}

@book{CDSW18,
  author    = {Josep Carmona and
               van Dongen, Boudewijn F. and
               Andreas Solti and
               Matthias Weidlich},
  title     = {Conformance Checking - Relating Processes and Models},
  publisher = SPRINGER,
  year      = {2018},
}


@inproceedings{GiMM14,
  author    = {Giuseppe {De Giacomo} and
               Riccardo {De Masellis} and
               Marco Montali},
  title     = {Reasoning on {LTL} on Finite Traces: Insensitivity to Infiniteness},
  booktitle = AAAI-14,
  nopages     = {1027--1033},
  year      = {2014},
  publisher = AAAIP,
}



@article{GHL09,
  author    = {Alfonso Gerevini and
               Patrik Haslum and
               Derek Long and
               Alessandro Saetti and
               Yannis Dimopoulos},
  title     = {Deterministic planning in the fifth international planning
               competition: PDDL3 and experimental evaluation of the planners},
  journal   = AIJ,
  volume    = {173},
  number    = {5-6},
  year      = {2009},
  nopages     = {619-668},
}

@inproceedings{GiRu18,
  author    = {Giuseppe {De Giacomo} and
               Sasha Rubin},
  title     = {Automata-Theoretic Foundations of {FOND} Planning for LTLf and LDLf
               Goals},
  booktitle = IJCAI-18,
  nopages     = {4729--4735},
  year      = {2018},
  publisher = {ijcai.org},
}


@inproceedings{DMMP17,
  author    = {De Giacomo, Giuseppe  and
               Maggi, Fabrizio Maria  and
               Andrea Marrella and
               Fabio Patrizi},
  title     = {On the Disruptive Effectiveness of Automated Planning for LTL\emph{f}-Based
               Trace Alignment},
  booktitle = AAAI-17,
  nopages     = {3555--3561},
  year      = {2017},
  publisher = AAAIP,
}
s

@inproceedings{MaCV12,
  author    = {Maggi, Fabrizio Maria and
               Chandra Bose, R. P. Jagadeesh  and
                van der Aalst, Wil M. P.},
  title     = {Efficient Discovery of Understandable Declarative Process Models from
               Event Logs},
  booktitle = CAISE-12,
  nopages     = {270--285},
  year      = {2012},
  series = LNCS,
  publisher = SPRINGER.
}
s
@book{Mon10,
	Author = {Marco Montali},
	publisher = SPRINGER,
        series = LNBIP,
        Title = {{Specification and Verification of Declarative Open Interaction Models: a Logic-Based Approach}},
	Volume = {56},
	Year = {2010}}


@book{BaKa08,
 author = {Baier, Christel and Katoen, Joost-Pieter},
 title = {Principles of Model Checking (Representation and Mind Series)},
 year = {2008},
 publisher = MITP,
}


@inproceedings{DeVa13,
  author    = {Giuseppe {De Giacomo} and
               Moshe Y. Vardi},
  title     = {Linear Temporal Logic and Linear Dynamic Logic on Finite Traces},
  booktitle = IJCAI-13,
  nopages     = {854--860},
  year      = {2013},
  publisher = AAAIP,
}

@inproceedings{PeSV07,
	Author = {Maja Pesic and Helen Schonenberg and Wil M. P. van der Aalst},
	Booktitle = EDOC-07,
	nopages = {287-300},
	Publisher = IEEEP,
	Title = {DECLARE: Full Support for Loosely-Structured Processes},
	Year = {2007}
}

@article{MPVC11,
  author    = {Marco Montali and
               Maja Pesic and
               van der Aalst, Wil M. P. and
               Federico Chesani and
               Paola Mello and
               Sergio Storari},
  title     = {Declarative specification and verification of service choreographies},
  journal   = {{TWEB}},
  volume    = {4},
  number    = {1},
  nopages     = {3:1--3:62},
  year      = {2010},
}


@inproceedings{MMWV11,
	Author = {Maggi, Fabrizio Maria and Marco Montali and Michael Westergaard and van der Aalst, Wil M. P.},
	Title = {Monitoring Business Constraints with Linear Temporal Logic: An Approach Based on Colored Automata},
	year = {2011},
	booktitle = BPM-11,
	publisher = SPRINGER,
	series = LNCS,
    nopages = {132--147}
}

@inproceedings{BrDP18,
  author    = {Brafman, Ronen I.  and
               Giuseppe {De Giacomo} and
               Fabio Patrizi},
  title     = {LTLf/LDLf Non-Markovian Rewards},
  booktitle = AAAI-18,
  nopages     = {1771--1778},
  publisher = AAAIP,
  year      = {2018},
}

@article{Paleo16,
  author    = {Bruno {Woltzenlogel Paleo}},
  title     = {An Expressive Probabilistic Temporal Logic},
  journal   = {CoRR},
  volume    = {abs/1603.07453},
  year      = {2016},
  url       = {http://arxiv.org/abs/1603.07453},
}
