% This file was created with JabRef 2.7.2.
% Encoding: MacRoman

@book{van2011process,
	title={Process mining: discovery, conformance and enhancement of business processes},
	author={Van Der Aalst, Wil},
	year={2011},
	publisher={Springer Science \& Business Media}
}

@article{ly2015compliance,
	title={Compliance monitoring in business processes: Functionalities, application, and tool-support},
	author={Ly, Linh Thao and Maggi, Fabrizio Maria and Montali, Marco and Rinderle-Ma, Stefanie and van der Aalst, Wil MP},
	journal={Information Systems},
	year={2015},
	publisher={Elsevier}
}

@article{DBLP:journals/corr/BurattinMS15,
	author    = {Andrea Burattin and
	Fabrizio Maria Maggi and
	Alessandro Sperduti},
	title     = {Conformance Checking Based on Multi-Perspective Declarative Process
	Models},
	journal   = {CoRR},
	volume    = {abs/1503.04957},
	year      = {2015},
	url       = {http://arxiv.org/abs/1503.04957},
	timestamp = {Thu, 09 Apr 2015 11:33:20 +0200},
	biburl    = {http://dblp.uni-trier.de/rec/bib/journals/corr/BurattinMS15},
	bibsource = {dblp computer science bibliography, http://dblp.org}
}

@misc{MoBuConLTL,
	title = {MoBuConLTL, ProM Plugin},
	author = {Fabrizio Maria Maggi},
	date = {2015},
	howpublished={https://svn.win.tue.nl/repos/prom/Packages/MoBuConLTL/Trunk} ,
	OPTurl = {https://svn.win.tue.nl/repos/prom/Packages/MoBuConLTL/Trunk},

}


@incollection{de2012aligning,
	title={Aligning event logs and declarative process models for conformance checking},
	author={De Leoni, Massimiliano and Maggi, Fabrizio Maria and van der Aalst, Wil MP},
	booktitle={Business Process Management},
	pages={82--97},
	year={2012},
	publisher={Springer}
}


@article{murata1989petri,
	title={Petri nets: Properties, analysis and applications},
	author={Murata, Tadao},
	journal={Proceedings of the IEEE},
	volume={77},
	number={4},
	pages={541--580},
	year={1989},
	publisher={IEEE}
}

@inproceedings{pesic2006declarative,
	title={A declarative approach for flexible business processes management},
	author={Pesic, Maja and Van der Aalst, Wil MP},
	booktitle={Business Process Management Workshops},
	pages={169--180},
	year={2006},
	organization={Springer}
}

@inproceedings{pesic2007declare,
	title={Declare: Full support for loosely-structured processes},
	author={Pesic, Maja and Schonenberg, Helen and Van der Aalst, Wil M P},
	booktitle={Enterprise Distributed Object Computing Conference, 2007. EDOC 2007. 11th IEEE International},
	pages={287--287},
	year={2007},
	organization={IEEE}
}

@inproceedings{edoc2019,
	title={Compliance Monitoring of Multi-Perspective Declarative Process Models},
	author={Maggi, Fabrizio Maria and Montali, Marco and Bhat, Ubaier},
	booktitle={Enterprise Distributed Object Computing Conference, 2019. EDOC 2019. 23rd IEEE International},
	year={2019},
	organization={IEEE}
}

@phdthesis{pesic2008constraint,
	title={Constraint-based workflow management systems: shifting control to users},
	author={Pesic, Maja},
	year={2008},
	school={Technische Universiteit Eindhoven}
}

@article{rozinat2008conformance,
	title={Conformance checking of processes based on monitoring real behavior},
	author={Rozinat, Anne and van der Aalst, Wil MP},
	journal={Information Systems},
	volume={33},
	number={1},
	pages={64--95},
	year={2008},
	publisher={Elsevier}
}

@misc{xesorgweb,
	author={C.W G\"{u}nther},
	title = {XES-standard},
	date = {2015},
	howpublished ={http://www.xes-standard.org} ,
	url = {http://www.xes-standard.org},
}


@article{omg2011business,
	title={Business Process Model and Notation (BPMN) Version 2.0},
	author={OMG, OM},
	journal={Object Management Group},
	year={2011}
}

@article{cook1999software,
	title={Software process validation: quantitatively measuring the correspondence of a process to a model},
	author={Cook, Jonathan E and Wolf, Alexander L},
	journal={ACM Transactions on Software Engineering and Methodology (TOSEM)},
	volume={8},
	number={2},
	pages={147--176},
	year={1999},
	publisher={ACM}
}


@inproceedings{adriansyah2011conformance,
	title={Conformance checking using cost-based fitness analysis},
	author={Adriansyah, Arya and van Dongen, Boudewijn F and van der Aalst, Wil MP},
	booktitle={Enterprise Distributed Object Computing Conference (EDOC), 2011 15th IEEE International},
	pages={55--64},
	year={2011},
	organization={IEEE}
}

@inproceedings{he2001measuring,
	title={Measuring behavioral correspondence to a timed concurrent model},
	author={He, Cha and Ma, Changjun},
	booktitle={Proceedings of the IEEE International Conference on Software Maintenance (ICSM'01)},
	pages={332},
	year={2001},
	organization={IEEE Computer Society}
}

@inproceedings{maggi2012runtime,
	title={Runtime verification of {LTL}-based declarative process models},
	author={Maggi, Fabrizio Maria and Westergaard, Michael and Montali, Marco and van der Aalst, Wil MP},
	booktitle={Runtime Verification},
	pages={131--146},
	year={2012},
	organization={Springer}
}

@article{mannhardt2015balanced,
	title={Balanced multi-perspective checking of process conformance},
	author={Mannhardt, Felix and de Leoni, Massimiliano and Reijers, Hajo A and van der Aalst, Wil MP},
	journal={Computing},
	pages={1--31},
	year={2015},
	publisher={Springer}
}

@incollection{van2012decomposing,
	title={Decomposing process mining problems using passages},
	author={Van Der Aalst, Wil MP},
	booktitle={Application and Theory of Petri Nets},
	pages={72--91},
	year={2012},
	publisher={Springer}
}

@article{van2013decomposing,
	title={Decomposing Petri nets for process mining: A generic approach},
	author={van der Aalst, Wil MP},
	journal={Distributed and Parallel Databases},
	volume={31},
	number={4},
	pages={471--507},
	year={2013},
	publisher={Springer}
}


@inproceedings{burattin2012techniques,
	title={Techniques for a posteriori analysis of declarative processes},
	author={Burattin, Andrea and Maggi, Fabrizio M and Van der Aalst, Wil MP and Sperduti, Alessandro},
	booktitle={Enterprise Distributed Object Computing Conference (EDOC), 2012 IEEE 16th International},
	pages={41--50},
	year={2012},
	organization={IEEE}
}


@inproceedings{de2014decomposing,
	title={Decomposing alignment-based conformance checking of data-aware process models},
	author={de Leoni, Massimiliano and Munoz-Gama, Jorge and Carmona, Josep and Van der Aalst, Wil MP},
	booktitle={On the Move to Meaningful Internet Systems: OTM 2014 Conferences},
	pages={3--20},
	year={2014},
	organization={Springer}
}

@article{munoz2014single,
	title={Single-entry single-exit decomposed conformance checking},
	author={Munoz-Gama, Jorge and Carmona, Josep and Van der Aalst, Wil MP},
	journal={Information Systems},
	volume={46},
	pages={102--122},
	year={2014},
	publisher={Elsevier}
}

@article{van2009declarative,
	title={Declarative workflows: Balancing between flexibility and support},
	author={van Der Aalst, Wil M P and Pesic, Maja and Schonenberg, Helen},
	journal={Computer Science-Research and Development},
	volume={23},
	number={2},
	pages={99--113},
	year={2009},
	publisher={Springer}
}

@misc{declare,
	title = {Declare},
	date = {2016},
	howpublished = {https://www.win.tue.nl/declare/},
	url = {https://www.win.tue.nl/declare/},
}

@inproceedings{federici2015prom,
	title={A ProM Operational Support Provider for Predictive Monitoring of Business Processes},
	author={Federici, Marco and Rizzi, Williams and Di Francescomarino, Chiara and Dumas, Marlon and Ghidini, Chiara and Maggi, Fabrizio Maria and Teinemaa, Irene},
	year={2015}
}



@inproceedings{chesani2009checking,
	title={Checking compliance of execution traces to business rules},
	author={Chesani, Federico and Mello, Paola and Montali, Marco and Riguzzi, Fabrizio and Sebastianis, Maurizio and Storari, Sergio},
	booktitle={Business Process Management Workshops},
	pages={134--145},
	year={2009},
	organization={Springer}
}

@inproceedings{maggi2013declarative,
	title={Declarative Process Mining with the Declare Component of ProM.},
	author={Maggi, Fabrizio Maria},
	booktitle={BPM (Demos)},
	year={2013}
}

@inproceedings{DBLP:conf/cidm/MaggiMA11,
  author    = {Fabrizio Maria Maggi and
               Arjan J. Mooij and
               Wil M. P. van der Aalst},
  title     = {User-guided discovery of declarative process models},
  booktitle = {Proceedings of the {IEEE} Symposium on Computational Intelligence
               and Data Mining, {CIDM} 2011, part of the {IEEE} Symposium Series
               on Computational Intelligence 2011, April 11-15, 2011, Paris, France},
  pages     = {192--199},
  year      = {2011},
  crossref  = {DBLP:conf/cidm/2011},
  url       = {http://dx.doi.org/10.1109/CIDM.2011.5949297},
  doi       = {10.1109/CIDM.2011.5949297},
  timestamp = {Tue, 20 Jan 2015 18:18:59 +0100},
  biburl    = {http://dblp.uni-trier.de/rec/bib/conf/cidm/MaggiMA11},
  bibsource = {dblp computer science bibliography, http://dblp.org}
}

@article{DBLP:journals/is/LyMMRA15,
	author    = {Linh Thao Ly and
	Fabrizio Maria Maggi and
	Marco Montali and
	Stefanie Rinderle{-}Ma and
	Wil M. P. van der Aalst},
	title     = {Compliance monitoring in business processes: Functionalities, application,
	and tool-support},
	journal   = {Inf. Syst.},
	volume    = {54},
	pages     = {209--234},
	year      = {2015},
}

@inproceedings{DBLP:conf/rv/MaggiWMA11,
	author    = {Fabrizio Maria Maggi and
	Michael Westergaard and
	Marco Montali and
	Wil M. P. van der Aalst},
	title     = {Runtime Verification of {LTL}-Based Declarative Process Models},
	booktitle = {Runtime Verification - {RV} 2011},
	pages     = {131--146},
	year      = {2011},
}

@article{DBLP:journals/eswa/BurattinMS16,
  author    = {Andrea Burattin and
               Fabrizio Maria Maggi and
               Alessandro Sperduti},
  title     = {Conformance checking based on multi-perspective declarative process
               models},
  journal   = {Expert Syst. Appl.},
  volume    = {65},
  pages     = {194--211},
  year      = {2016},
}

@inproceedings{DBLP:conf/fase/MaggiMA12,
  author    = {Fabrizio Maria Maggi and
               Marco Montali and
               Wil M. P. van der Aalst},
  title     = {An Operational Decision Support Framework for Monitoring Business
               Constraints},
  booktitle = { {FASE} 2012},
  pages     = {146--162},
  year      = {2012},
}

@inproceedings{DBLP:conf/apn/WestergaardM11,
  author    = {Michael Westergaard and
               Fabrizio Maria Maggi},
  title     = {Modeling and Verification of a Protocol for Operational Support Using
               {Coloured Petri} Nets},
  booktitle = {{PETRI} {NETS} 2011},
  pages     = {169--188},
  year      = {2011},
}

@article{DBLP:journals/eis/MaggiW17,
  author    = {Fabrizio Maria Maggi and
               Michael Westergaard},
  title     = {Designing software for operational decision support through {Coloured}
               {Petri} nets},
  journal   = {Enterprise {IS}},
  volume    = {11},
  number    = {5},
  pages     = {576--596},
  year      = {2017},
}

@book{Schrijver:1986:TLI:17634,
 author = {Schrijver, Alexander},
 title = {Theory of Linear and Integer Programming},
 year = {1986},
 isbn = {0-471-90854-1},
 publisher = {John Wiley \& Sons, Inc.},
 address = {New York, NY, USA},
}

@article{montali2013monitoring,
	title={Monitoring business constraints with the event calculus},
	author={Montali, Marco and Maggi, Fabrizio M and Chesani, Federico and Mello, Paola and van der Aalst, Wil M P},
	journal={ACM Trans. on Intelligent Systems and Technology},
	volume={5},
	number={1},
	pages={17},
	year={2013},
	publisher={ACM}
}

@incollection{maggi2011monitoring,
	title={Monitoring business constraints with {Linear Temporal Logic}: An approach based on colored automata},
	author={Maggi, Fabrizio Maria and Montali, Marco and Westergaard, Michael and van der Aalst, Wil M P},
	booktitle={BPM},
	pages={132--147},
	year={2011},
}

@misc{lpsolver,
	title = {LP Solver},
	date = {2016},
	howpublished = {http://lpsolve.sourceforge.net/5.5/},
	url = {http://lpsolve.sourceforge.net/5.5/},
}
@comment{jabref-meta: selector_review:}

@comment{jabref-meta: selector_publisher:}

@comment{jabref-meta: selector_author:}

@comment{jabref-meta: selector_journal:}

@comment{jabref-meta: selector_keywords:}
