%REFERENCES CATEGORIZED PER GROUP

%%%%%%%%%%%%%%%%%%%%%%%%%%%%%%%%%%%%%%%%%%%%%%%%%%%%%%%
%%% GROUP 1: HK %%%
%%%%%%%%%%%%%%%%%%%%%%%%%%%%%%%%%%%%%%%%%%%%%%%%%%%%%%%

% MAIN PAPER

@article{huang2012study,
	Author = {Huang, Zan and Kumar, Akhil},
	Journal = {INFORMS Journal on Computing},
	Number = {2},
	Pages = {311--327},
	Publisher = {INFORMS},
	Title = {A study of quality and accuracy trade-offs in process mining},
	Volume = {24},
	Year = {2012}
}

%%%%%%%%%%%%%%%%%%%%%%%%%%%%%%%%%%%%%%%%%%%%%%%%%%%%%%%
%%% GROUP 2: Declare Miner %%%
%%%%%%%%%%%%%%%%%%%%%%%%%%%%%%%%%%%%%%%%%%%%%%%%%%%%%%%

% MAIN PAPER

@inproceedings{DBLP:conf/caise/MaggiBA12,
	Author = {Fabrizio Maria Maggi and R. P. Jagadeesh Chandra Bose and Wil M. P. van der Aalst},
	Booktitle = {Advanced Information Systems Engineering - 24th International Conference, CAiSE 2012, Gdansk, Poland, June 25-29, 2012. Proceedings},
	Pages = {270--285},
	Title = {{Efficient Discovery of Understandable Declarative Process Models from Event Logs}},
	Year = {2012}}

% RELATED WORKS

@inproceedings{maggi2011user,
  title={User-guided discovery of declarative process models},
  author={Maggi, Fabrizio M and Mooij, Arjan J and van der Aalst, Wil MP},
  booktitle={Computational Intelligence and Data Mining (CIDM), 2011 IEEE Symposium on},
  pages={192--199},
  year={2011},
  organization={IEEE}
}

@inproceedings{maggi2013knowledge,
  title={A knowledge-based integrated approach for discovering and repairing declare maps},
  author={Maggi, Fabrizio M and Bose, RP Jagadeesh Chandra and van der Aalst, Wil MP},
  booktitle={International Conference on Advanced Information Systems Engineering},
  pages={433--448},
  year={2013},
  organization={Springer}
}

@inproceedings{kala2016apriori,
  title={Apriori and sequence analysis for discovering declarative process models},
  author={Kala, Taavi and Maggi, Fabrizio Maria and Di Ciccio, Claudio and Di Francescomarino, Chiara},
  booktitle={Enterprise Distributed Object Computing Conference (EDOC), 2016 IEEE 20th International},
  pages={1--9},
  year={2016},
  organization={IEEE}
}

%%%%%%%%%%%%%%%%%%%%%%%%%%%%%%%%%%%%%%%%%%%%%%%%%%%%%%%
%%% GROUP 3: Minerful %%%
%%%%%%%%%%%%%%%%%%%%%%%%%%%%%%%%%%%%%%%%%%%%%%%%%%%%%%%

% RELATED WORKS

@inproceedings{di2014discovering,
  title={Discovering target-branched declare constraints},
  author={Di Ciccio, Claudio and Maggi, Fabrizio Maria and Mendling, Jan},
  booktitle={International Conference on Business Process Management},
  pages={34--50},
  year={2014},
  organization={Springer}
}

@inproceedings{di2015declarative,
  title={{Declarative Process Discovery with MINERful in ProM}},
  author={Di Ciccio, Claudio and Schouten, Mitchel HM and de Leoni, Massimiliano and Mendling, Jan},
  booktitle={BPM (Demos)},
  pages={60--64},
  year={2015}
}

@article{di2016efficient,
  title={{Efficient discovery of Target-Branched Declare Constraints}},
  author={Di Ciccio, Claudio and Maggi, Fabrizio Maria and Mendling, Jan},
  journal={Information Systems},
  volume={56},
  pages={258--283},
  year={2016},
  publisher={Elsevier}
}

%%%%%%%%%%%%%%%%%%%%%%%%%%%%%%%%%%%%%%%%%%%%%%%%%%%%%%%
%%% GROUP 4: Data-aware Declare Miner %%%
%%%%%%%%%%%%%%%%%%%%%%%%%%%%%%%%%%%%%%%%%%%%%%%%%%%%%%%

% MAIN PAPER

@incollection{maggi2013discovering,
  title={Discovering data-aware declarative process models from event logs},
  author={Maggi, Fabrizio Maria and Dumas, Marlon and Garc{\'\i}a-Ba{\~n}uelos, Luciano and Montali, Marco},
  booktitle={Business Process Management},
  pages={81--96},
  year={2013},
  publisher={Springer}
}

%%%%%%%%%%%%%%%%%%%%%%%%%%%%%%%%%%%%%%%%%%%%%%%%%%%%%%%
%%% GROUP 5: Inductive Miner (infrequent) %%%
%%%%%%%%%%%%%%%%%%%%%%%%%%%%%%%%%%%%%%%%%%%%%%%%%%%%%%%

% MAIN PAPER

@inproceedings{DBLP:conf/bpm/LeemansFA13,
	Author = {Sander J. J. Leemans and Dirk Fahland and Wil M. P. van der Aalst},
	Booktitle = {Business Process Management Workshops - {BPM} 2013 International Workshops, Beijing, China, August 26, 2013, Revised Papers},
	Pages = {66--78},
	Title = {Discovering Block-Structured Process Models from Event Logs Containing Infrequent Behaviour},
	Year = {2013}}

% RELATED WORKS


@inproceedings{leemans2013discovering,
author={Leemans, Sander J. J.
and Fahland, Dirk
and van der Aalst, Wil M. P.},
title={{Discovering Block-Structured Process Models from Event Logs - A Constructive Approach}},
bookTitle={Application and Theory of Petri Nets and Concurrency: 34th International Conference, PETRI NETS 2013, Milan, Italy, June 24-28, 2013. Proceedings},
year={2013},
publisher={Springer Berlin Heidelberg},
pages={311--329},
isbn={978-3-642-38697-8},
doi={10.1007/978-3-642-38697-8_17}
}


@inproceedings{leemans2014discovering,
author={Leemans, Sander J. J.
and Fahland, Dirk
and van der Aalst, Wil M. P.},
title={{Discovering Block-Structured Process Models from Incomplete Event Logs}},
bookTitle={Application and Theory of Petri Nets and Concurrency: 35th International Conference, PETRI NETS 2014, Tunis, Tunisia, June 23-27, 2014. Proceedings},
year={2014},
publisher={Springer International Publishing},
pages={91--110},
isbn={978-3-319-07734-5},
doi={10.1007/978-3-319-07734-5_6}
}

@inproceedings{leemans2014exploring,
  title={{Exploring Processes and Deviations}},
  author={Leemans, Sander JJ and Fahland, Dirk and van der Aalst, Wil MP},
  booktitle={Business Process Management Workshops: BPM 2014 International Workshops, Eindhoven, The Netherlands, September 7-8, 2014, Revised Papers},
  pages={304--316},
  year={2014},
  doi={10.1007/978-3-319-15895-2_26},
  organization={Springer}
}


@inproceedings{leemans2015using,
  title={{Using Life Cycle Information in Process Discovery}},
  author={Leemans, Sander JJ and Fahland, Dirk and van der Aalst, Wil MP},
  booktitle={Business Process Management Workshops: BPM 2015, 13th International Workshops, Innsbruck, Austria, August 31 -- September 3, 2015, Revised Papers},
  pages={204--217},
  year={2015},
  doi="10.1007/978-3-319-42887-1_17",
  organization={Springer}
}

@inproceedings{leemans2015scalable,
  title={Scalable process discovery with guarantees},
  author={Leemans, Sander JJ and Fahland, Dirk and van der Aalst, Wil MP},
  booktitle={International Conference on Enterprise, Business-Process and Information Systems Modeling},
  pages={85--101},
  year={2015},
  organization={Springer}
}

@article{leemansscalable,
  title={Scalable process discovery and conformance checking},
  author={Leemans, Sander JJ and Fahland, Dirk and van der Aalst, Wil MP},
  journal={Software \& Systems Modeling},
  pages={1--33},
  issn="1619-1374",
  doi="10.1007/s10270-016-0545-x",
  year={2016},
  publisher={Springer}
}

@inproceedings{leemans2017modeling,
  title={Modeling and discovering cancelation behavior},
  author={Leemans, Maikel and van der Aalst, Wil MP},
  booktitle={OTM Confederated International Conferences" On the Move to Meaningful Internet Systems"},
  pages={93--113},
  year={2017},
  organization={Springer}
}

%%%%%%%%%%%%%%%%%%%%%%%%%%%%%%%%%%%%%%%%%%%%%%%%%%%%%%%
%%% GROUP 6: Process Skeletonization %%%
%%%%%%%%%%%%%%%%%%%%%%%%%%%%%%%%%%%%%%%%%%%%%%%%%%%%%%%

% MAIN PAPER

@inproceedings{abe2014business,
  title={{Business Monitoring Framework for Process Discovery with Real-Life Logs}},
  author={Abe, Mari and Kudo, Michiharu},
  booktitle={International Conference on Business Process Management},
  pages={416--423},
  year={2014},
  organization={Springer}
}

% RELATED WORKS

@inproceedings{kudo2013business,
  title={Business process discovery by using process skeletonization},
  author={Kudo, Michiharu and Ishida, Ai and Sato, Naoto},
  booktitle={Signal-Image Technology \& Internet-Based Systems (SITIS), 2013 International Conference on},
  pages={976--982},
  year={2013},
  organization={IEEE}
}

%%%%%%%%%%%%%%%%%%%%%%%%%%%%%%%%%%%%%%%%%%%%%%%%%%%%%%%
%%% GROUP 7: COMPETITION MINER %%%
%%%%%%%%%%%%%%%%%%%%%%%%%%%%%%%%%%%%%%%%%%%%%%%%%%%%%%%

% MAIN PAPER

@inproceedings{redlich2014scalable,
  title={{Scalable Dynamic Business Process Discovery with the Constructs Competition Miner}},
  author={Redlich, David and Molka, Thomas and Gilani, Wasif and Blair, Gordon S and Rashid, Awais},
  booktitle={Proceedings of the 4th International Symposium on Data-driven Process Discovery and Analysis (SIMPDA 2014)},
  pages={91--107},
  year={2014}
}

% RELATED WORKS

@inproceedings{redlich2014constructs,
  title={{Constructs competition miner: Process control-flow discovery of bp-domain constructs}},
  author={Redlich, David and Molka, Thomas and Gilani, Wasif and Blair, Gordon and Rashid, Awais},
  booktitle={International Conference on Business Process Management},
  pages={134--150},
  year={2014},
  organization={Springer}
}

@inproceedings{redlich2014introducing,
  title={Introducing a framework for scalable dynamic process discovery},
  author={Redlich, David and Gilani, Wasif and Molka, Thomas and Drobek, Marc and Rashid, Awais and Blair, Gordon},
  booktitle={Enterprise Engineering Working Conference},
  pages={151--166},
  year={2014},
  organization={Springer}
}

@inproceedings{redlich2014dynamic,
  title={Dynamic constructs competition miner-occurrence-vs. time-based ageing},
  author={Redlich, David and Molka, Thomas and Gilani, Wasif and Blair, Gordon and Rashid, Awais},
  booktitle={International Symposium on Data-Driven Process Discovery and Analysis (SIMPDA 2014)},
  pages={79--106},
  year={2014},
  organization={Springer}
}

%%%%%%%%%%%%%%%%%%%%%%%%%%%%%%%%%%%%%%%%%%%%%%%%%%%%%%%
%%% GROUP 8: EVOLUTIONARY MINER %%%
%%%%%%%%%%%%%%%%%%%%%%%%%%%%%%%%%%%%%%%%%%%%%%%%%%%%%%%

% MAIN PAPER

@article{buijs2014quality,
  title={{Quality dimensions in process discovery: The importance of fitness, precision, generalization and simplicity}},
  author={Buijs, Joos CAM and van Dongen, Boudewijn F and van der Aalst, Wil MP},
  journal={International Journal of Cooperative Information Systems},
  volume={23},
  number={01},
  pages={1440001},
  year={2014},
  publisher={World Scientific}
}

% RELATED WORKS

@inproceedings{van2011towards,
  title={{Towards Improving the Representational Bias of Process Mining}},
  author={van der Aalst, Wil MP and Buijs, Joos CAM and van Dongen, Boudewijn F},
  booktitle={Data-Driven Process Discovery and Analysis: First International Symposium (SIMPDA 2011)},
  pages={39--54},
  year={2011},
  doi={10.1007/978-3-642-34044-4_3},
  publisher={Springer}
}

@inproceedings{buijs2012genetic,
  title={A genetic algorithm for discovering process trees},
  author={Buijs, Joos CAM and van Dongen, Boudewijn F and van der Aalst, Wil MP},
  booktitle={Evolutionary Computation (CEC), 2012 IEEE Congress on},
  pages={1--8},
  year={2012},
  organization={IEEE}
}

@inproceedings{buijs2012role,
  title={{On the Role of Fitness, Precision, Generalization and Simplicity in Process Discovery}},
  author={Buijs, Joos CAM and Van Dongen, Boudewijn F and van Der Aalst, Wil MP and others},
  booktitle={OTM Conferences (1)},
  volume={7565},
  pages={305--322},
  year={2012}
}

@inproceedings{buijs2013discovering,
  title={Discovering and navigating a collection of process models using multiple quality dimensions},
  author={Buijs, Joos CAM and van Dongen, Boudewijn F and van der Aalst, Wil MP},
  booktitle={Business Process Management Workshops: BPM 2013 International Workshops, Beijing, China, August 26, 2013, Revised Papers},
  pages={3--14},
  doi="10.1007/978-3-319-06257-0_1",
  year={2013},
  organization={Springer}
}

@inproceedings{van2014genetic,
  title={{Genetic Process Mining: Alignment-Based Process Model Mutation}},
  author={van Eck, Maikel L and Buijs, Joos CAM and van Dongen, Boudewijn F},
  booktitle={Business Process Management Workshops: BPM 2014 International Workshops, Eindhoven, The Netherlands, September 7-8, 2014, Revised Papers},
  pages={291--303},
  doi="10.1007/978-3-319-15895-2_25",
  year={2014},
  organization={Springer}
}

%%%%%%%%%%%%%%%%%%%%%%%%%%%%%%%%%%%%%%%%%%%%%%%%%%%%%%%
%%% GROUP 9: HYBRID MINER %%%
%%%%%%%%%%%%%%%%%%%%%%%%%%%%%%%%%%%%%%%%%%%%%%%%%%%%%%%

% MAIN PAPER

@inproceedings{maggi2014automated,
  title={The automated discovery of hybrid processes},
  author={Maggi, Fabrizio Maria and Slaats, Tijs and Reijers, Hajo A},
  booktitle={International Conference on Business Process Management},
  pages={392--399},
  year={2014},
  organization={Springer}
}

%%%%%%%%%%%%%%%%%%%%%%%%%%%%%%%%%%%%%%%%%%%%%%%%%%%%%%%
%%% GROUP 10: WOMAN %%%
%%%%%%%%%%%%%%%%%%%%%%%%%%%%%%%%%%%%%%%%%%%%%%%%%%%%%%%

% MAIN PAPER

@article{ferilli2014woman,
  title={Woman: logic-based workflow learning and management},
  author={Ferilli, Stefano},
  journal={IEEE Transactions on Systems, Man, and Cybernetics: Systems},
  volume={44},
  number={6},
  pages={744--756},
  year={2014},
  publisher={IEEE}
}

% RELATED WORKS

@inproceedings{ferilli2013logic,
  title={Logic-based incremental process mining in smart environments},
  author={Ferilli, Stefano and De Carolis, Berardina and Redavid, Domenico},
  booktitle={International Conference on Industrial, Engineering and Other Applications of Applied Intelligent Systems},
  pages={392--401},
  year={2013},
  organization={Springer}
}

@inproceedings{de2014learning,
  title={{Learning and Recognizing Routines and Activities in SOFiA}},
  author={De Carolis, Berardina and Ferilli, Stefano and Mallardi, Giulio},
  booktitle={Ambient Intelligence: European Conference, AmI 2014, Eindhoven, The Netherlands, November 11-13, 2014. Revised Selected Papers},
  doi="10.1007/978-3-319-14112-1_16",
  pages={191--204},
  year={2014},
  organization={Springer}
}

@inproceedings{ferilli2014learning,
  title={{Learning Complex Activity Preconditions in Process Mining}},
  author={Ferilli, Stefano and De Carolis, Berardina and Esposito, Floriana},
  booktitle={New Frontiers in Mining Complex Patterns: Third International Workshop, NFMCP 2014, Held in Conjunction with ECML-PKDD 2014, Nancy, France, September 19, 2014, Revised Selected Papers},
  pages={164--178},
  year={2014},
  doi="10.1007/978-3-319-17876-9_11",
  organization={Springer}
}

@inproceedings{ferilli2015logic,
  title={{Logic-Based Incremental Process Mining}},
  author={Ferilli, Stefano and Redavid, Domenico and Esposito, Floriana},
  booktitle={Joint European Conference on Machine Learning and Knowledge Discovery in Databases},
  pages={218--221},
  year={2015},
  organization={Springer}
}

@inproceedings{ferilli2016woman,
  title={{The WoMan Formalism for Expressing Process Models}},
  author={Ferilli, Stefano},
  booktitle={Advances in Data Mining. Applications and Theoretical Aspects: 16th Industrial Conference, ICDM 2016, New York, NY, USA, July 13-17, 2016. Proceedings},
  pages={363--378},
  year={2016},
  doi="10.1007/978-3-319-41561-1_27",
  organization={Springer}
}

%%%%%%%%%%%%%%%%%%%%%%%%%%%%%%%%%%%%%%%%%%%%%%%%%%%%%%%
%%% GROUP 11: Evolutionary Declare Miner %%%
%%%%%%%%%%%%%%%%%%%%%%%%%%%%%%%%%%%%%%%%%%%%%%%%%%%%%%%

% MAIN PAPER

@inproceedings{vanden2014declarative,
  title={Declarative process discovery with evolutionary computing},
  author={vanden Broucke, Seppe KLM and Vanthienen, Jan and Baesens, Bart},
  booktitle={Evolutionary Computation (CEC), 2014 IEEE Congress on},
  pages={2412--2419},
  year={2014},
  organization={IEEE}
}

%%%%%%%%%%%%%%%%%%%%%%%%%%%%%%%%%%%%%%%%%%%%%%%%%%%%%%%
%%% GROUP 12: Directed Acyclic Graph %%%
%%%%%%%%%%%%%%%%%%%%%%%%%%%%%%%%%%%%%%%%%%%%%%%%%%%%%%%

% MAIN PAPER

@inproceedings{vasilecas2014directed,
  title={Directed Acyclic Graph Extraction from Event Logs},
  author={Vasilecas, Olegas and Savickas, Titas and Lebedys, Evaldas},
  booktitle={International Conference on Information and Software Technologies},
  pages={172--181},
  year={2014},
  organization={Springer}
}

%%%%%%%%%%%%%%%%%%%%%%%%%%%%%%%%%%%%%%%%%%%%%%%%%%%%%%%
%%% GROUP 13: CN-Mininig %%%
%%%%%%%%%%%%%%%%%%%%%%%%%%%%%%%%%%%%%%%%%%%%%%%%%%%%%%%

% MAIN PAPER

@article{greco2015process,
  title={Process discovery under precedence constraints},
  author={Greco, Gianluigi and Guzzo, Antonella and Lupia, Francesco and Pontieri, Luigi},
  journal={ACM Transactions on Knowledge Discovery from Data (TKDD)},
  volume={9},
  number={4},
  pages={32},
  year={2015},
  publisher={ACM}
}

% RELATED WORKS

@inproceedings{greco2012process,
  title={Process discovery via precedence constraints},
  author={Greco, Gianluigi and Guzzo, Antonella and Pontieri, Luigi},
  booktitle={Proceedings of the 20th European Conference on Artificial Intelligence},
  pages={366--371},
  year={2012},
  organization={IOS Press}
}

%%%%%%%%%%%%%%%%%%%%%%%%%%%%%%%%%%%%%%%%%%%%%%%%%%%%%%%
%%% GROUP 14: Alpha-Algorithm %%%
%%%%%%%%%%%%%%%%%%%%%%%%%%%%%%%%%%%%%%%%%%%%%%%%%%%%%%%

% MAIN PAPER

@inproceedings{guo2015mining,
  title={Mining invisible tasks in non-free-choice constructs},
  author={Guo, Qinlong and Wen, Lijie and Wang, Jianmin and Yan, Zhiqiang and Philip, S Yu},
  booktitle={International Conference on Business Process Management},
  pages={109--125},
  year={2015},
  organization={Springer}
}

%%%%%%%%%%%%%%%%%%%%%%%%%%%%%%%%%%%%%%%%%%%%%%%%%%%%%%%
%%% GROUP 15: DGEM %%%
%%%%%%%%%%%%%%%%%%%%%%%%%%%%%%%%%%%%%%%%%%%%%%%%%%%%%%%

% MAIN PAPER

@inproceedings{molka2015diversity,
  title={Diversity guided evolutionary mining of hierarchical process models},
  author={Molka, Thomas and Redlich, David and Drobek, Marc and Zeng, Xiao-Jun and Gilani, Wasif},
  booktitle={Proceedings of the 2015 Annual Conference on Genetic and Evolutionary Computation},
  pages={1247--1254},
  year={2015},
  organization={ACM}
}

%%%%%%%%%%%%%%%%%%%%%%%%%%%%%%%%%%%%%%%%%%%%%%%%%%%%%%%
%%% GROUP 16: Maximal pattern mining %%%
%%%%%%%%%%%%%%%%%%%%%%%%%%%%%%%%%%%%%%%%%%%%%%%%%%%%%%%

% MAIN PAPER

@inproceedings{liesaputra2015efficient,
  title={Efficient process model discovery using maximal pattern mining},
  author={Liesaputra, Veronica and Yongchareon, Sira and Chaisiri, Sivadon},
  booktitle={International Conference on Business Process Management},
  pages={441--456},
  year={2015},
  organization={Springer}
}

%%%%%%%%%%%%%%%%%%%%%%%%%%%%%%%%%%%%%%%%%%%%%%%%%%%%%%%
%%% GROUP 17: ProDiGEN %%%
%%%%%%%%%%%%%%%%%%%%%%%%%%%%%%%%%%%%%%%%%%%%%%%%%%%%%%%

% MAIN PAPER

@article{vazquez2015prodigen,
  title={ProDiGen: Mining complete, precise and minimal structure process models with a genetic algorithm},
  author={V{\'a}zquez-Barreiros, Borja and Mucientes, Manuel and Lama, Manuel},
  journal={Information Sciences},
  volume={294},
  pages={315--333},
  year={2015},
  publisher={Elsevier}
}

% RELATED WORK

@inproceedings{vazquez2014genetic,
  title={A genetic algorithm for process discovery guided by completeness, precision and simplicity},
  author={V{\'a}zquez-Barreiros, Borja and Mucientes, Manuel and Lama, Manuel},
  booktitle={International Conference on Business Process Management},
  pages={118--133},
  year={2014},
  organization={Springer}
}

%%%%%%%%%%%%%%%%%%%%%%%%%%%%%%%%%%%%%%%%%%%%%%%%%%%%%%%
%%% GROUP 18: PROM-D %%%
%%%%%%%%%%%%%%%%%%%%%%%%%%%%%%%%%%%%%%%%%%%%%%%%%%%%%%%

% MAIN PAPER

@article{song2016process,
  title={Process discovery from dependence-complete event logs},
  author={Song, Wei and Jacobsen, Hans-Arno and Ye, Chunyang and Ma, Xiaoxing},
  journal={IEEE Transactions on Services Computing},
  volume={9},
  number={5},
  pages={714--727},
  year={2016},
  publisher={IEEE}
}

%%%%%%%%%%%%%%%%%%%%%%%%%%%%%%%%%%%%%%%%%%%%%%%%%%%%%%%
%%% GROUP 19: FUSION MINER %%%
%%%%%%%%%%%%%%%%%%%%%%%%%%%%%%%%%%%%%%%%%%%%%%%%%%%%%%%

% MAIN PAPER

@article{de2015fusion,
  title={Fusion miner: process discovery for mixed-paradigm models},
  author={De Smedt, Johannes and De Weerdt, Jochen and Vanthienen, Jan},
  journal={Decision Support Systems},
  volume={77},
  pages={123--136},
  year={2015},
  publisher={Elsevier}
}

%%%%%%%%%%%%%%%%%%%%%%%%%%%%%%%%%%%%%%%%%%%%%%%%%%%%%%%
%%% GROUP 20: SQL MINER %%%
%%%%%%%%%%%%%%%%%%%%%%%%%%%%%%%%%%%%%%%%%%%%%%%%%%%%%%%

% MAIN PAPER

@inproceedings{schonig2016efficient,
  title={Efficient and Customisable Declarative Process Mining with SQL},
  author={Sch{\"o}nig, Stefan and Rogge-Solti, Andreas and Cabanillas, Cristina and Jablonski, Stefan and Mendling, Jan},
  booktitle={International Conference on Advanced Information Systems Engineering},
  pages={290--305},
  year={2016},
  organization={Springer}
}

% RELATED WORKS

@inproceedings{schonig2016discovery,
  title={Discovery of multi-perspective declarative process models},
  author={Sch{\"o}nig, Stefan and Di Ciccio, Claudio and Maggi, Fabrizio M and Mendling, Jan},
  booktitle={International Conference on Service-Oriented Computing},
  pages={87--103},
  year={2016},
  organization={Springer}
}

%%%%%%%%%%%%%%%%%%%%%%%%%%%%%%%%%%%%%%%%%%%%%%%%%%%%%%%
%%% GROUP 21: RegPFA %%%
%%%%%%%%%%%%%%%%%%%%%%%%%%%%%%%%%%%%%%%%%%%%%%%%%%%%%%%

% MAIN PAPER

@article{breuker2016comprehensible,
  title={Comprehensible predictive models for business processes},
  author={Breuker, Dominic and Matzner, Martin and Delfmann, Patrick and Becker, J{\"o}rg},
  journal={MIS Quarterly},
  volume={40},
  number={4},
  pages={1009--1034},
  year={2016}
}

% RELATED WORKS

@inproceedings{breuker2014designing,
  title={Designing and evaluating an interpretable predictive modeling technique for business processes},
  author={Breuker, Dominic and Delfmann, Patrick and Matzner, Martin and Becker, J{\"o}rg},
  booktitle={Business Process Management Workshops: BPM 2014 International Workshops, Eindhoven, The Netherlands, September 7-8, 2014, Revised Papers},
  doi="10.1007/978-3-319-15895-2_46",
  pages={541--553},
  year={2014},
  organization={Springer}
}

%%%%%%%%%%%%%%%%%%%%%%%%%%%%%%%%%%%%%%%%%%%%%%%%%%%%%%%
%%% GROUP 22: BPMN MINER %%%
%%%%%%%%%%%%%%%%%%%%%%%%%%%%%%%%%%%%%%%%%%%%%%%%%%%%%%%

% MAIN PAPER

@article{conforti2016bpmn,
  title={BPMN Miner: Automated discovery of BPMN process models with hierarchical structure},
  author={Conforti, Raffaele and Dumas, Marlon and Garc{\'\i}a-Ba{\~n}uelos, Luciano and La Rosa, Marcello},
  journal={Information Systems},
  volume={56},
  pages={284--303},
  year={2016},
  publisher={Elsevier}
}

% RELATED WORKS

@inproceedings{conforti2014beyond,
  title={Beyond tasks and gateways: Discovering BPMN models with subprocesses, boundary events and activity markers},
  author={Conforti, Raffaele and Dumas, Marlon and Garc{\'\i}a-Ba{\~n}uelos, Luciano and La Rosa, Marcello},
  booktitle={International Conference on Business Process Management},
  pages={101--117},
  year={2014},
  organization={Springer}
}

%%%%%%%%%%%%%%%%%%%%%%%%%%%%%%%%%%%%%%%%%%%%%%%%%%%%%%%
%%% GROUP 23: CSM MINER %%%
%%%%%%%%%%%%%%%%%%%%%%%%%%%%%%%%%%%%%%%%%%%%%%%%%%%%%%%

% MAIN PAPER

@inproceedings{van2016discovering,
  title={Discovering and Exploring State-Based Models for Multi-perspective Processes},
  author={van Eck, Maikel L and Sidorova, Natalia and van der Aalst, Wil MP},
  booktitle={International Conference on Business Process Management},
  pages={142--157},
  year={2016},
  organization={Springer}
}

% RELATED WORKS

@inproceedings{DBLP:conf/wecwis/EckSA17,
  author    = {Maikel L. van Eck and
               Natalia Sidorova and
               Wil M. P. van der Aalst},
  title     = {{Guided Interaction Exploration in Artifact-centric Process Models}},
  booktitle = {19th {IEEE} Conference on Business Informatics, {CBI} 2017, Thessaloniki,
               Greece, July 24-27, 2017, Volume 1: Conference Papers},
  pages     = {109--118},
  year      = {2017},
  doi       = {10.1109/CBI.2017.42}
}

%%%%%%%%%%%%%%%%%%%%%%%%%%%%%%%%%%%%%%%%%%%%%%%%%%%%%%%
%%% GROUP 24: COM MINER %%%
%%%%%%%%%%%%%%%%%%%%%%%%%%%%%%%%%%%%%%%%%%%%%%%%%%%%%%%

% MAIN PAPER

@inproceedings{tapia2016discovering,
  title={{Discovering Process Models from Incomplete Event Logs using Conjoint Occurrence Classes}},
  author={Tapia-Flores, Tonatiuh and Rodr{\'\i}guez-P{\'e}rez, Edelma and L{\'o}pez-Mellado, Ernesto},
  booktitle={ATAED@ Petri Nets/ACSD},
  pages={31--46},
  year={2016}
}

%%%%%%%%%%%%%%%%%%%%%%%%%%%%%%%%%%%%%%%%%%%%%%%%%%%%%%%
%%% GROUP 25: NON-ATOMIC DECLARE MINER %%%
%%%%%%%%%%%%%%%%%%%%%%%%%%%%%%%%%%%%%%%%%%%%%%%%%%%%%%%

% MAIN PAPER

@article{bernardi2016activity,
  title={Do Activity Lifecycles Affect the Validity of a Business Rule in a Business Process?},
  author={Bernardi, Mario Luca and Cimitile, Marta and Di Francescomarino, Chiara and Maggi, Fabrizio Maria},
  journal={Information Systems},
  year={2016},
  publisher={Elsevier}
}

%%%%%%%%%%%%%%%%%%%%%%%%%%%%%%%%%%%%%%%%%%%%%%%%%%%%%%%
%%% GROUP 26: PGMINER %%%
%%%%%%%%%%%%%%%%%%%%%%%%%%%%%%%%%%%%%%%%%%%%%%%%%%%%%%%

% MAIN PAPER

@incollection{mokhov2016mining,
  title={{Mining Conditional Partial Order Graphs from Event Logs}},
  author={Mokhov, Andrey and Carmona, Josep and Beaumont, Jonathan},
  booktitle={Transactions on Petri Nets and Other Models of Concurrency XI},
  pages={114--136},
  year={2016},
  publisher={Springer}
}

%%%%%%%%%%%%%%%%%%%%%%%%%%%%%%%%%%%%%%%%%%%%%%%%%%%%%%%
%%% GROUP 27: PROXIMITY MINER %%%
%%%%%%%%%%%%%%%%%%%%%%%%%%%%%%%%%%%%%%%%%%%%%%%%%%%%%%%

% MAIN PAPER

@article{yahya2016domain,
  title={Domain-driven actionable process model discovery},
  author={Yahya, Bernardo Nugroho and Song, Minseok and Bae, Hyerim and Sul, Sung-ook and Wu, Jei-Zheng},
  journal={Computers \& Industrial Engineering},
  year={2016},
  publisher={Elsevier}
}

% RELATED WORKS

@inproceedings{yahya2013process,
  title={Process discovery by synthesizing activity proximity and user's domain knowledge},
  author={Yahya, Bernardo Nugroho and Bae, Hyerim and Sul, Sung-ook and Wu, Jei-Zheng},
  booktitle={Asia-Pacific Conference on Business Process Management},
  pages={92--105},
  year={2013},
  organization={Springer}
}

%%%%%%%%%%%%%%%%%%%%%%%%%%%%%%%%%%%%%%%%%%%%%%%%%%%%%%%
%%% GROUP 28: TAU MINER %%%
%%%%%%%%%%%%%%%%%%%%%%%%%%%%%%%%%%%%%%%%%%%%%%%%%%%%%%%

% MAIN PAPER

@article{li2016process,
  title={Process mining with token carried data},
  author={Li, Chuanyi and Ge, Jidong and Huang, Liguo and Hu, Haiyang and Wu, Budan and Yang, Hongji and Hu, Hao and Luo, Bin},
  journal={Information Sciences},
  volume={328},
  pages={558--576},
  year={2016},
  publisher={Elsevier}
}

%%%%%%%%%%%%%%%%%%%%%%%%%%%%%%%%%%%%%%%%%%%%%%%%%%%%%%%
%%% GROUP 29: STAGE MINER %%%
%%%%%%%%%%%%%%%%%%%%%%%%%%%%%%%%%%%%%%%%%%%%%%%%%%%%%%%

% MAIN PAPER

@inproceedings{nguyen2017mining,
  title={Mining business process stages from event logs},
  author={Nguyen, Hoang and Dumas, Marlon and ter Hofstede, Arthur HM and La Rosa, Marcello and Maggi, Fabrizio Maria},
  booktitle={International Conference on Advanced Information Systems Engineering},
  pages={577--594},
  year={2017},
  organization={Springer}
}

%%%%%%%%%%%%%%%%%%%%%%%%%%%%%%%%%%%%%%%%%%%%%%%%%%%%%%%
%%% GROUP 30: SPLIT MINER %%%
%%%%%%%%%%%%%%%%%%%%%%%%%%%%%%%%%%%%%%%%%%%%%%%%%%%%%%%

% MAIN PAPER

@inproceedings{DBLP:conf/icdm/AugustoCDR17,
  author    = {Adriano Augusto and
               Raffaele Conforti and
               Marlon Dumas and
               Marcello La Rosa},
  title     = {{Split Miner: Discovering Accurate and Simple Business Process Models
               from Event Logs}},
  booktitle = {2017 {IEEE} International Conference on Data Mining, {ICDM} 2017, New Orleans, LA, USA, November 18-21, 2017},
  pages     = {1--10},
  year      = {2017},
  doi       = {10.1109/ICDM.2017.9}
}

%%%%%%%%%%%%%%%%%%%%%%%%%%%%%%%%%%%%%%%%%%%%%%%%%%%%%%%
%%% GROUP 31: FODINA %%%
%%%%%%%%%%%%%%%%%%%%%%%%%%%%%%%%%%%%%%%%%%%%%%%%%%%%%%%

% MAIN PAPER

@article{vanden2017fodina,
  title={Fodina: a robust and flexible heuristic process discovery technique},
  author={vanden Broucke, Seppe KLM and De Weerdt, Jochen},
  journal={Decision Support Systems},
  year={2017},
  publisher={Elsevier}
}

% RELATED WORKS

@inproceedings{de2014bidimensional,
  title={{Bidimensional Process Discovery for Mining BPMN Models}},
  author={De Weerdt, Jochen and vanden Broucke, Seppe KLM and Caron, Filip},
  booktitle={Business Process Management Workshops: BPM 2014 International Workshops, Eindhoven, The Netherlands, September 7-8, 2014, Revised Papers},
  pages={529--540},
  year={2014},
  doi="10.1007/978-3-319-15895-2_45",
  organization={Springer}
}

%%%%%%%%%%%%%%%%%%%%%%%%%%%%%%%%%%%%%%%%%%%%%%%%%%%%%%%
%%% GROUP 32: HybridILPMiner %%%
%%%%%%%%%%%%%%%%%%%%%%%%%%%%%%%%%%%%%%%%%%%%%%%%%%%%%%%

% MAIN PAPER

@article{van2017discovering,
  title={Discovering workflow nets using integer linear programming},
  author={van Zelst, SJ and van Dongen, BF and van der Aalst, WMP and Verbeek, HMW},
  journal={Computing},
  pages={1--28},
  year={2017},
  publisher={Springer}
}

% RELATED WORKS

@inproceedings{van2015ilp,
  author    = {Sebastiaan J. van Zelst and
               Boudewijn F. van Dongen and
               Wil M. P. van der Aalst},
  title     = {{ILP-Based Process Discovery Using Hybrid Regions}},
  booktitle = {International Workshop on Algorithms {\&} Theories
               for the Analysis of Event Data, {ATAED} 2015},
  pages     = {47--61},
  year      = {2015},
  series    = {{CEUR} Workshop Proceedings},
  volume    = {1371},
  publisher = {CEUR-WS.org}
}

@inproceedings{van2015avoiding,
  title={{Avoiding over-fitting in ILP-based process discovery}},
  author={van Zelst, Sebastiaan J and van Dongen, Boudewijn F and van der Aalst, Wil MP},
  booktitle={International Conference on Business Process Management},
  pages={163--171},
  year={2015},
  organization={Springer}
}

%%%%%%%%%%%%%%%%%%%%%%%%%%%%%%%%%%%%%%%%%%%%%%%%%%%%%%%
%%% GROUP 33: Decomposed Process Miner %%%
%%%%%%%%%%%%%%%%%%%%%%%%%%%%%%%%%%%%%%%%%%%%%%%%%%%%%%%

% MAIN PAPER

@article{verbeek2017divide,
  title={{Divide and Conquer: A Tool Framework for Supporting Decomposed Discovery in Process Mining}},
  author={Verbeek, HMW and van der Aalst, WMP and Munoz-Gama, J},
  journal={The Computer Journal},
  pages={1--26},
  year={2017},
  publisher={Oxford University Press}
}

% RELATED WORKS

@inproceedings{verbeek2014decomposed,
  title={{Decomposed Process Mining: The ILP Case}},
  author={Verbeek, HMW and van der Aalst, Wil MP},
  booktitle={Business Process Management Workshops: BPM 2014 International Workshops, Eindhoven, The Netherlands, September 7-8, 2014, Revised Papers},
  pages={264--276},
  year={2014},
  doi="10.1007/978-3-319-15895-2_23",
  organization={Springer}
}

@inproceedings{verbeek2012experimental,
  title={An experimental evaluation of passage-based process discovery},
  author={Verbeek, HMW and van der Aalst, W},
  booktitle={Business Process Management Workshops, International Workshop on Business Process Intelligence (BPI 2012)},
  volume={132},
  pages={205--210},
  year={2012}
}

@inproceedings{hompes2014finding,
  title={Finding suitable activity clusters for decomposed process discovery},
  author={Hompes, BFA and Verbeek, HMW and van der Aalst, Wil MP},
  booktitle={International Symposium on Data-Driven Process Discovery and Analysis},
  pages={32--57},
  year={2014},
  organization={Springer}
}

@article{van2014process,
  title={Process discovery and conformance checking using passages},
  author={van der Aalst, Wil MP and Verbeek, HMW},
  journal={Fundamenta Informaticae},
  volume={131},
  number={1},
  pages={103--138},
  year={2014},
  publisher={IOS press}
}

@article{van2013decomposing,
  title={{Decomposing Petri nets for process mining: A generic approach}},
  author={Van der Aalst, Wil MP},
  journal={Distributed and Parallel Databases},
  volume={31},
  number={4},
  pages={471--507},
  year={2013},
  publisher={Springer}
}

%%%%%%%%%%%%%%%%%%%%%%%%%%%%%%%%%%%%%%%%%%%%%%%%%%%%%%%
%%% GROUP 34: Data-driven Process Discovery %%%
%%%%%%%%%%%%%%%%%%%%%%%%%%%%%%%%%%%%%%%%%%%%%%%%%%%%%%%

% MAIN PAPER

@inproceedings{mannhardt2017data,
  title={{Data-Driven Process Discovery-Revealing Conditional Infrequent Behavior from Event Logs}},
  author={Mannhardt, Felix and de Leoni, Massimiliano and Reijers, Hajo A and van der Aalst, Wil MP},
  booktitle={International Conference on Advanced Information Systems Engineering},
  pages={545--560},
  year={2017},
  organization={Springer}
}


%%%%%%%%%%%%%%%%%%%%%%%%%%%%%%%%%%%%%%%%%%%%%%%%%%%%%%%
%%% GROUP 35: Heuristics Miner %%%
%%%%%%%%%%%%%%%%%%%%%%%%%%%%%%%%%%%%%%%%%%%%%%%%%%%%%%%

% MAIN PAPER

@article{augusto2017automated,
  title={{Automated Discovery of Structured Process Models From Event Logs: The Discover-and-Structure Approach}},
  author={Augusto, Adriano and Conforti, Raffaele and Dumas, Marlon and La Rosa, Marcello},
  journal={Data and Knowledge Engineering (to appear)},
  year={2017},
  publisher={Elsevier}
}

% RELATED WORKS

@inproceedings{weijters2011flexible,
  title={{Flexible heuristics miner (FHM)}},
  author={Weijters, AJMM and Ribeiro, JTS},
  booktitle={Computational Intelligence and Data Mining (CIDM), 2011 IEEE Symposium on},
  pages={310--317},
  year={2011},
  organization={IEEE}
}

@article{de2014improving,
  title={Improving the quality of the Heuristics Miner in ProM 6.2},
  author={De Cnudde, Sofie and Claes, Jan and Poels, Geert},
  journal={Expert Systems with Applications},
  volume={41},
  number={17},
  pages={7678--7690},
  year={2014},
  publisher={Elsevier}
}

@inproceedings{augusto2016automated,
  title={Automated discovery of structured process models: Discover structured vs. discover and structure},
  author={Augusto, Adriano and Conforti, Raffaele and Dumas, Marlon and La Rosa, Marcello and Bruno, Giorgio},
  booktitle={Conceptual Modeling: 35th International Conference, ER 2016, Gifu, Japan, November 14-17, 2016, Proceedings},
  pages={313--329},
  year={2016},
  organization={Springer}
}


%%%%%%%%%%%%%%%%%%%%%%%%%%%%%%%%%%%%%%%%%%%%%%%%%%%%%%5
%%%%%%%%%%%%%%%%%%%%%%%%%%%%%%%%%%%%%%%%%%%%%%%%%%%%%%5
%%%%%%%%%%%%%%%%%%%%%%%%%%%%%%%%%%%%%%%%%%%%%%%%%%%%%%5
%%%%%%%%%%%%%%%%%%%%%%%%%%%%%%%%%%%%%%%%%%%%%%%%%%%%%%5
%%%%%%%%%%%%%%%%%%%%%%%%%%%%%%%%%%%%%%%%%%%%%%%%%%%%%%5
%%%%%%%%%%%%%%%%%%%%%%%%%%%%%%%%%%%%%%%%%%%%%%%%%%%%%%5
%%%%%%%%%%%%%%%%%%%%%%%%%%%%%%%%%%%%%%%%%%%%%%%%%%%%%%5
%%%%%%%%%%%%%%%%%%%%%%%%%%%%%%%%%%%%%%%%%%%%%%%%%%%%%%5
%%%%%%%%%%%%%%%%%%%%%%%%%%%%%%%%%%%%%%%%%%%%%%%%%%%%%%5
%%%%%%%%%%%%%%%%%%%%%%%%%%%%%%%%%%%%%%%%%%%%%%%%%%%%%%5
% This file was created with JabRef 2.7.2.
% Encoding: MacRoman

@article{de2007genetic,
  title={Genetic process mining: an experimental evaluation},
  author={de Medeiros, Ana Karla A and Weijters, Anton JMM and van der Aalst, Wil MP},
  journal={Data Mining and Knowledge Discovery},
  volume={14},
  number={2},
  pages={245--304},
  year={2007},
  publisher={Springer}
}

@inproceedings{de2005genetic,
  title={Genetic process mining},
  author={De Medeiros, AK Alves and Weijters, AJMM},
  booktitle={Applications and Theory of Petri Nets 2005, Volume 3536 of Lecture Notes in Computer Science},
  year={2005},
  organization={Citeseer}
}

@article{van2009process,
  title={Process discovery using integer linear programming},
  author={van derWerf, Jan Martijn EM and van Dongen, Boudewijn F and Hurkens, Cor AJ and Serebrenik, Alexander},
  journal={Fundamenta Informaticae},
  volume={94},
  number={3-4},
  pages={387--412},
  year={2009},
  publisher={IOS Press}
}

@article{vanden2014determining,
  title={Determining process model precision and generalization with weighted artificial negative events},
  author={vanden Broucke, Seppe KLM and De Weerdt, Jochen and Vanthienen, Jan and Baesens, Bart},
  journal={IEEE Transactions on Knowledge and Data Engineering},
  volume={26},
  number={8},
  pages={1877--1889},
  year={2014},
  publisher={IEEE}
}

@article{goedertier2009robust,
  title={Robust process discovery with artificial negative events},
  author={Goedertier, Stijn and Martens, David and Vanthienen, Jan and Baesens, Bart},
  journal={Journal of Machine Learning Research},
  volume={10},
  number={Jun},
  pages={1305--1340},
  year={2009}
}

@article{weijters2003rediscovering,
  title={Rediscovering workflow models from event-based data using little thumb},
  author={Weijters, Anton JMM and Van der Aalst, Wil MP},
  journal={Integrated Computer-Aided Engineering},
  volume={10},
  number={2},
  pages={151--162},
  year={2003},
  publisher={IOS Press}
}

@article{weijters2006process,
  title={Process mining with the heuristics miner-algorithm},
  author={Weijters, AJMM and van Der Aalst, Wil MP and De Medeiros, AK Alves},
  journal={Technische Universiteit Eindhoven, Tech. Rep. WP},
  volume={166},
  pages={1--34},
  year={2006}
}

@article{wen2007mining,
  title={Mining process models with non-free-choice constructs},
  author={Wen, Lijie and van der Aalst, Wil MP and Wang, Jianmin and Sun, Jiaguang},
  journal={Data Mining and Knowledge Discovery},
  volume={15},
  number={2},
  pages={145--180},
  year={2007},
  publisher={Springer}
}

@article{van2004workflow,
  title={Workflow mining: Discovering process models from event logs},
  author={Van der Aalst, Wil and Weijters, Ton and Maruster, Laura},
  journal={IEEE Transactions on Knowledge and Data Engineering},
  volume={16},
  number={9},
  pages={1128--1142},
  year={2004},
  publisher={IEEE}
}

@techreport{alves2004process,
  title={Process mining: Extending the $\alpha$-algorithm to mine short loops},
  author={Alves de Medeiros, AK and Van Dongen, BF and Van Der Aalst, WMP and Weijters, AJMM},
  year={2004},
  institution={BETA Working Paper Series}
}

@inproceedings{bellodi2010probabilistic,
  title={Probabilistic declarative process mining},
  author={Bellodi, Elena and Riguzzi, Fabrizio and Lamma, Evelina},
  booktitle={International Conference on Knowledge Science, Engineering and Management},
  pages={292--303},
  year={2010},
  organization={Springer}
}

@incollection{chesani2009exploiting,
  title={Exploiting inductive logic programming techniques for declarative process mining},
  author={Chesani, Federico and Lamma, Evelina and Mello, Paola and Montali, Marco and Riguzzi, Fabrizio and Storari, Sergio},
  booktitle={Transactions on Petri Nets and Other Models of Concurrency II},
  pages={278--295},
  year={2009},
  publisher={Springer}
}

@incollection{cattafi2010incremental,
  title={Incremental declarative process mining},
  author={Cattafi, Massimiliano and Lamma, Evelina and Riguzzi, Fabrizio and Storari, Sergio},
  booktitle={Smart Information and Knowledge Management},
  pages={103--127},
  year={2010},
  publisher={Springer}
}

@inproceedings{lorenz2012synops,
  title={SYNOPS-Generation of Partial Languages and Synthesis of Petri Nets.},
  author={Lorenz, Robert and Huber, Markus and Etzel, Christoph and Zecha, Dan},
  booktitle={PNSE},
  pages={237--252},
  year={2012}
}

@article{carmona2014pmlab,
  title={PMLAB: an scripting environment for process mining},
  author={Carmona, Josep},
  year={2014},
  publisher={Citeseer}
}

@article{fournier2014spmf,
  title={SPMF: a Java open-source pattern mining library.},
  author={Fournier-Viger, Philippe and Gomariz, Antonio and Gueniche, Ted and Soltani, Azadeh and Wu, Cheng-Wei and Tseng, Vincent S and others},
  journal={Journal of Machine Learning Research},
  volume={15},
  number={1},
  pages={3389--3393},
  year={2014}
}

@article{carmona2014process,
  title={Process discovery algorithms using numerical abstract domains},
  author={Carmona, Josep and Cortadella, Jordi},
  journal={IEEE Transactions on Knowledge and Data Engineering},
  volume={26},
  number={12},
  pages={3064--3076},
  year={2014},
  publisher={IEEE}
}

@inproceedings{gorecky2011cognito,
  title={COGNITO: a cognitive assistance and training system for manual tasks in industry},
  author={Gorecky, Dominic and Worgan, Simon F and Meixner, Gerrit},
  booktitle={Proceedings of the 29th Annual European Conference on Cognitive Ergonomics},
  pages={53--56},
  year={2011},
  organization={ACM}
}

@inproceedings{gunther2007fuzzy,
  title={Fuzzy mining--adaptive process simplification based on multi-perspective metrics},
  author={G{\"u}nther, Christian W and Van Der Aalst, Wil MP},
  booktitle={International Conference on Business Process Management},
  pages={328--343},
  year={2007},
  organization={Springer}
}

@article{evermann2014scalable,
  title={Scalable process discovery using map-reduce},
  author={Evermann, Joerg},
  year={2014},
  publisher={IEEE}
}








@article{de2013turning,
  title={Turning event logs into process movies: animating what has really happened},
  author={De Leoni, Massimiliano and Suriadi, Suriadi and Ter Hofstede, Arthur HM and van der Aalst, Wil MP},
  journal={Software \& Systems Modeling},
  pages={1--26},
  year={2013},
  publisher={Springer}
}



@inproceedings{maggi2016semantical,
  title={Semantical Vacuity Detection in Declarative Process Mining},
  author={Maggi, Fabrizio Maria and Montali, Marco and Di Ciccio, Claudio and Mendling, Jan},
  booktitle={International Conference on Business Process Management},
  pages={158--175},
  year={2016},
  organization={Springer}
}


@inproceedings{srinivasan2015identification,
  title={Identification of transition models of biological systems in the presence of transition noise},
  author={Srinivasan, Ashwin and Bain, Michael and Vatsa, Deepika and Agarwal, Sumeet},
  booktitle={25th International Conference on Inductive Logic Programming},
  year={2015}
}



@article{tax2016mining,
  title={Mining local process models},
  author={Tax, Niek and Sidorova, Natalia and Haakma, Reinder and van der Aalst, Wil MP},
  journal={Journal of Innovation in Digital Ecosystems},
  year={2016},
  publisher={Elsevier}
}



@article{ladiges2015learning,
  title={Learning behaviour models of discrete event production systems from observing input/output signals},
  author={Ladiges, Jan and Haubeck, Christopher and Fay, Alexander and Lamersdorf, Winfried},
  journal={IFAC-PapersOnLine},
  volume={48},
  number={3},
  pages={1565--1572},
  year={2015},
  publisher={Elsevier}
}









@inproceedings{van2015process,
  title={Process discovery using localized events},
  author={van der Aalst, Wil MP and Kalenkova, Anna and Rubin, Vladimir and Verbeek, Eric},
  booktitle={International Conference on Applications and Theory of Petri Nets and Concurrency},
  pages={287--308},
  year={2015},
  organization={Springer}
}

@inproceedings{ponce2015incorporating,
  title={Incorporating negative information in process discovery},
  author={Ponce-de-L{\'e}on, Hernan and Carmona, Josep and Vanden Broucke, Seppe KLM},
  booktitle={International Conference on Business Process Management},
  pages={126--143},
  year={2015},
  organization={Springer}
}

@inproceedings{pizarro2014experimenting,
  title={Experimenting with an OLAP approach for interactive discovery in process mining},
  author={Pizarro, Gustavo and Sep{\'u}lveda, Marcos},
  booktitle={International Conference on Business Process Management},
  pages={317--329},
  year={2014},
  organization={Springer}
}

@inproceedings{di2015ensuring,
  title={Ensuring model consistency in declarative process discovery},
  author={Di Ciccio, Claudio and Maggi, Fabrizio Maria and Montali, Marco and Mendling, Jan},
  booktitle={International Conference on Business Process Management},
  pages={144--159},
  year={2015},
  organization={Springer}
}







@inproceedings{folino2015discovery,
  title={On the Discovery of Explainable and Accurate Behavioral Models for Complex Lowly-structured Business Processes.},
  author={Folino, Francesco and Guarascio, Massimo and Pontieri, Luigi},
  booktitle={ICEIS (1)},
  pages={206--217},
  year={2015}
}

@inproceedings{leemans2014discovery2,
  title={Discovery of frequent episodes in event logs},
  author={Leemans, Maikel and van der Aalst, Wil MP},
  booktitle={International Symposium on Data-Driven Process Discovery and Analysis},
  pages={1--31},
  year={2014},
  organization={Springer}
}

@article{popova2015artifact,
  title={Artifact lifecycle discovery},
  author={Popova, Viara and Fahland, Dirk and Dumas, Marlon},
  journal={International Journal of Cooperative Information Systems},
  volume={24},
  number={01},
  pages={1550001},
  year={2015},
  publisher={World Scientific}
}

@article{bleser2015cognitive,
  title={Cognitive learning, monitoring and assistance of industrial workflows using egocentric sensor networks},
  author={Bleser, Gabriele and Damen, Dima and Behera, Ardhendu and Hendeby, Gustaf and Mura, Katharina and Miezal, Markus and Gee, Andrew and Petersen, Nils and Ma{\c{c}}{\~a}es, Gustavo and Domingues, Hugo and others},
  journal={PloS one},
  volume={10},
  number={6},
  pages={e0127769},
  year={2015},
  publisher={Public Library of Science}
}



@article{arbab2014hierarchical,
  title={On hierarchical modelling of motion for workflow analysis from overhead view},
  author={Arbab-Zavar, Banafshe and Carter, John N and Nixon, Mark S},
  journal={Machine vision and applications},
  volume={25},
  number={2},
  pages={345--359},
  year={2014},
  publisher={Springer}
}



@inproceedings{de2013data,
  title={Data-aware process mining: discovering decisions in processes using alignments},
  author={de Leoni, Massimiliano and van der Aalst, Wil MP},
  booktitle={Proceedings of the 28th annual ACM symposium on applied computing},
  pages={1454--1461},
  year={2013},
  organization={ACM}
}

@article{di2013mining,
  title={Mining Artful Processes from Knowledge Workers Emails},
  author={Di Ciccio, Claudio and Mecella, Massimo},
  journal={IEEE Internet Computing},
  volume={17},
  number={5},
  pages={10--20},
  year={2013},
  publisher={IEEE}
}


@inproceedings{li2010mining,
  title={Mining context-dependent and interactive business process maps using execution patterns},
  author={Li, Jiafei and Bose, RP Jagadeesh Chandra and van der Aalst, Wil MP},
  booktitle={International Conference on Business Process Management},
  pages={109--121},
  year={2010},
  organization={Springer}
}

@INPROCEEDINGS{certiCrypt,
  author = {Gilles Barthe and Benjamin Gr{\'e}goire and Santiago {Zanella B{\'e}guelin}},
  title = {Formal Certification of Code-Based Cryptographic Proofs},
  booktitle = {36th ACM SIGPLAN-SIGACT Symposium on Principles of Programming Languages,
	POPL 2009},
  year = {2009},
  pages = {90--101},
  publisher = {ACM},
  url = {http://dx.doi.org/10.1145/1480881.1480894}
}

@MISC{GameB_1,
  author = {Mihir Bellare and Phillip Rogaway},
  title = {Code-Based Game-Playing Proofs and the Security of Triple Encryption},
  howpublished = {Cryptology ePrint Archive, Report 2004/331},
  year = {2004},
  note = {\url{http://eprint.iacr.org/}}
}

@MISC{proVerif,
  author = {Bruno Blanchet},
  title = {{Proverif: Cryptographic protocol verifier in the formal model}},
  howpublished = {\url{http://www.proverif.ens.fr/}},
  timestamp = {2012.05.15}
}

@MISC{kamm12,
  author = {Liina Kamm},
  title = {{ProveIt - How to make proving cryptographic protocols less tedious}},
  howpublished = {Talk at the 21st Estonian Computer Science Theory Days at Kubija},
  month = {January},
  year = {2012},
  file = {:/Users/tiina/Desktop/Thesis/Documents/papers/2012-05-tiina-bachelors-thesis/References/kamm-slides.pdf:PDF},
  timestamp = {2012.04.27},
  url = {http://www.cs.ut.ee/~varmo/tday-kubija/kamm-slides.pdf}
}


@MISC{GameB_2,
  author = {Victor Shoup},
  title = {Sequences of games: a tool for taming complexity in security proofs},
  howpublished = {Cryptology ePrint Archive, Report 2004/332},
  year = {2004},
  note = {\url{http://eprint.iacr.org/}}
}


@comment{jabref-meta: selector_review:}

@comment{jabref-meta: selector_publisher:}

@comment{jabref-meta: selector_author:}

@comment{jabref-meta: selector_journal:}

@comment{jabref-meta: selector_keywords:}
